@article{1390001205397311616,
    author    = {西村, 武},
    sortname  = {Nishimura,Takeshi},
    title     = {主観評価の理論と実際},
    journal   = {テレビジョン},
    issn      = {03743470},
    publisher = {一般社団法人 映像情報メディア学会},
    date      = {1977},
    volume    = {31},
    number    = {5},
    pages     = {369-377},
    doi       = {10.3169/itej1954.31.5_369},
    url       = {https://cir.nii.ac.jp/crid/1390001205397311616},
    language  = {japanese}
}

@article{abelson1954technique,
    title     = {A technique and a model for multi-dimensional attitude scaling},
    author    = {Abelson, Robert P},
    journal   = {Public Opinion Quarterly},
    volume    = {18},
    number    = {4},
    pages     = {405--418},
    date      = {1954},
    publisher = {Oxford University Press}
}

@book{Adachi200607,
    title     = {多変量データ解析法},
    subtitle  = {心理・教育・社会系のための入門},
    author    = {足立, 浩平},
    publisher = {ナカニシヤ出版},
    sortname  = {Adachi,Kohei},
    date      = {2006},
    edition   = {単行本},
    language  = {日本語},
    pages     = {171},
    language  = {japanese}
}

@inbook{Allport1935,
    title     = {Attitudes},
    author    = {Allport,Gordon W.},
    booktitle = {Readings in Attitude Theory and Measurement},
    editor    = {Martin Fishbein},
    date      = {1967},
    publisher = {John Wiley \& Sons Inc},
    address   = {New York},
    pages     = {3--13}
}

@misc{amrhein2019scientists,
    title     = {Scientists rise up against statistical significance},
    author    = {Amrhein, Valentin and Greenland, Sander and McShane, Blake},
    date      = {2019},
    publisher = {Nature Publishing Group}
}

@book{Annette_J_Dobson2008-09-08,
    author         = {ドブソン, A.J.},
    sortname       = {A.J. Dobson},
    origauthor     = {A. J. Dobson},
    origdate       = {2008},
    origtitle      = {An introduction to generalized linear models},
    translator     = {田中, 豊 and 森川, 敏彦 and 山中, 竹春 and 冨田, 誠},
    translatortype = {訳},
    date           = {2021-04-08},
    title          = {一般化線形モデル入門},
    edition        = {原著第2版},
    origpublisher  = {Chapman \& Hall/CRC Press},
    publisher      = {共立出版},
    language       = {japanese}
}


@book{AOKI2009,
    title     = {Rによる統計解析},
    author    = {青木, 繁伸},
    sortname  = {aoki,shigenobu},
    publisher = {オーム社},
    date      = {2009},
    language  = {japanese}
}

@book{Ashida2019,
    title     = {シラバス論:大学の時代と時間、あるいは〈知識〉の死と再生について},
    author    = {芦田,宏直},
    sortname  = {ashida,naohiro},
    publisher = {晶文社},
    date      = {2019},
    edition   = {単行本},
    language  = {日本語},
    language  = {japanese}
}

  @book{ASOBO2,
    title     = {数字であそぼ。(2)(フラワーコミックス$\alpha$)},
    author    = {絹田,村子},
    sortname  = {Kinuta,Murako},
    publisher = {小学館},
    date      = {2019},
    language  = {japanese}
}

@book{BA33892274,
    author    = {永田, 靖 and 吉田, 道弘},
    sortname  = {Nagata, Yasushi},
    title     = {統計的多重比較法の基礎},
    publisher = {サイエンティスト社},
    date      = {1997},
    url       = {https://ci.nii.ac.jp/ncid/BA33892274},
    language  = {japanese}
}

@book{Baba201907,
    title     = {RとStanではじめる ベイズ統計モデリングによるデータ分析入門},
    author    = {馬場,真哉},
    series    = {実践Data Scienceシリーズ},
    sortname  = {Baba,Masaya},
    publisher = {講談社},
    date      = {2019},
    language  = {japanese}
}

@article{bayestestR,
    title   = {bayestestR: Describing Effects and their Uncertainty, Existence and Significance within the Bayesian Framework},
    author  = {Dominique Makowski and Mattan S. Ben-Shachar and Daniel Lüdecke},
    journal = {Journal of Open Source Software},
    doi     = {10.21105/joss.01541},
    date    = {2019},
    number  = {40},
    volume  = {4},
    pages   = {1541},
    url     = {https://joss.theoj.org/papers/10.21105/joss.01541}
}

@book{Bergson2002,
    author        = {ベルクソン,H.},
    origauthor    = {Bergson,Henri},
    sortname      = {Bergson,Henri},
    origdate      = {1889},
    origtitle     = {Essai sur les données immédiates de la conscience},
    origpublishre = {Félix Alcan},
    translator    = {合田, 正人 and 平井, 靖史},
    title         = {意識に直接与えられたものについての試論},
    publisher     = {筑摩書房},
    date          = {2002},
    language      = {japanese}
}

  @article{blavaanCite1,
    title   = {{blavaan}: Bayesian Structural Equation Models via Parameter Expansion},
    author  = {Edgar C. Merkle and Yves Rosseel},
    journal = {Journal of Statistical Software},
    date    = {2018},
    volume  = {85},
    number  = {4},
    pages   = {1--30},
    doi     = {10.18637/jss.v085.i04}
}

  @article{blavaanCite2,
    title   = {Efficient {B}ayesian Structural Equation Modeling in {Stan}},
    author  = {Edgar C. Merkle and Ellen Fitzsimmons and James Uanhoro and Ben Goodrich},
    journal = {Journal of Statistical Software},
    date    = {2021},
    volume  = {100},
    number  = {6},
    pages   = {1--22},
    doi     = {10.18637/jss.v100.i06}
}
  @article{bridgesampling,
    title   = {{bridgesampling}: An {R} Package for Estimating Normalizing Constants},
    author  = {Quentin F. Gronau and Henrik Singmann and Eric-Jan Wagenmakers},
    journal = {Journal of Statistical Software},
    date    = {2020},
    volume  = {92},
    number  = {10},
    pages   = {1--29},
    doi     = {10.18637/jss.v092.i10}
}

  @article{brmsCite1,
    title    = {{brms}: An {R} Package for {Bayesian} Multilevel Models
                Using {Stan}},
    author   = {Paul-Christian Bürkner},
    journal  = {Journal of Statistical Software},
    date     = {2017},
    volume   = {80},
    number   = {1},
    pages    = {1--28},
    doi      = {10.18637/jss.v080.i01},
    encoding = {UTF-8}
}
  @article{brmsCite2,
    title    = {Advanced {Bayesian} Multilevel Modeling with the {R}
                Package {brms}},
    author   = {Paul-Christian Bürkner},
    journal  = {The R Journal},
    date     = {2018},
    volume   = {10},
    number   = {1},
    pages    = {395--411},
    doi      = {10.32614/RJ-2018-017},
    encoding = {UTF-8}
}

@article{carroll1970analysis,
    title     = {Analysis of individual differences in multidimensional scaling via an N-way generalization of “Eckart-Young” decomposition},
    author    = {Carroll, J Douglas and Chang, Jih-Jie},
    journal   = {Psychometrika},
    volume    = {35},
    number    = {3},
    pages     = {283--319},
    date      = {1970},
    publisher = {Springer}
}

  @misc{Charles2013,
    author       = {Sacha Epskamp},
    title        = {semPlot},
    date         = {2021},
    publisher    = {GitHub},
    journal      = {GitHub repository},
    howpublished = {\url{https://github.com/SachaEpskamp/semPlot}}
}


@book{Chino2012,
    title     = {非対称MDSの理論と応用},
    author    = {千野, 直仁 and 岡田, 謙介 and 佐部利, 真吾},
    publisher = {現代数学社},
    date      = {2012},
    edition   = {単行本},
    language  = {japanese}
}

@manual{cmdstanr,
    title  = {cmdstanr: R Interface to 'CmdStan'},
    author = {Jonah Gabry and Rok Češnovar and Andrew Johnson},
    date   = {2023},
    note   = {https://mc-stan.org/cmdstanr/, https://discourse.mc-stan.org}
}

@article{coombs1950psychological,
    title     = {Psychological scaling without a unit of measurement.},
    author    = {Coombs, Clyde H},
    journal   = {Psychological review},
    volume    = {57},
    number    = {3},
    pages     = {145},
    date      = {1950},
    publisher = {American Psychological Association}
}
@book{Coombs1970,
    author         = {クームス, C. and ドーズ, R. M. and トヴァスキー, A.},
    sortname       = {Clyde H. Coombs and Robyn M. Dawes and Amos Tversky},
    origauthor     = {Clyde H. Coombs and Robyn M. Dawes and Amos Tversky},
    origdate       = {1970},
    origtitle      = {Matehmatical Psychology: An Elementary Introduction},
    translator     = {小野, 茂},
    translatortype = {監訳},
    date           = {1974},
    title          = {数理心理学序説},
    publisher      = {新曜社},
    language       = {japanese}
}

@article{CTV,
    title   = {{CRAN} Task Views},
    author  = {Achim Zeileis},
    journal = {R News},
    date    = {2005},
    volume  = {5},
    number  = {1},
    pages   = {39--40},
    url     = {https://CRAN.R-project.org/doc/Rnews/}
}


@book{Daihiko201507,
    editor    = {中西, 大輔 and 今田, 純雄},
    sortname  = {Nakanishi, Daisuke},
    date      = {2020-01-24},
    title     = {あなたの知らない心理学},
    subtitle  = {大学で学ぶ心理学入門},
    publisher = {ナカニシヤ出版},
    language  = {japanese}
}

@book{Descartes,
    title      = {方法序説},
    author     = {ルネ・デカルト},
    origauthor = {Descartes, Ren\'{e}},
    origdate   = {1637},
    origtitle  = {Discours de la m\'{e}thode},
    translator = {谷川,多佳子},
    publisher  = {岩波書店},
    date       = {1997},
    language   = {japanese}
}

@manual{effsize,
    title  = {effsize: Efficient Effect Size Computation},
    author = {Marco Torchiano},
    date   = {2020},
    note   = {R package version 0.8.1},
    doi    = {10.5281/zenodo.1480624},
    url    = {https://CRAN.R-project.org/package=effsize}
}

@book{Fujihara2001,
    title     = {社会的態度の理論・測定・応用},
    author    = {藤原, 武弘},
    publisher = {関西学院大学出版会},
    date      = {2001},
    sortname  = {Fujihara,Takehiro},
    language  = {japanese}
}

@book{fujisawaCore,
    title     = {ソシオン理論のコア},
    author    = {藤澤, 等},
    sortname  = {Fujiswa,Hitoshi},
    publisher = {北大路書房},
    date      = {1997},
    language  = {japanese}
}

@article{gelman2006prior,
    author    = {Gelman, Andrew},
    journal   = {Bayesian analysis},
    number    = {3},
    pages     = {515--534},
    publisher = {International Society for Bayesian Analysis},
    title     = {Prior distributions for variance parameters in hierarchical models (comment on article by Browne and Draper)},
    volume    = {1},
    date      = {2006}
}

@book{Gerd200309,
    author     = {ギーゲルンツァー, G.},
    sortname   = {Giegernzer,G.},
    origauthor = {Giegernzer,G},
    origdate   = {2002},
    origtitle  = {Calculated Risks},
    translator = {吉田, 利子},
    date       = {2003},
    title      = {数字に弱いあなたの驚くほど危険な生活},
    subtitle   = {病院や裁判で統計にだまされないために},
    publisher  = {早川書房},
    language   = {japanese}
}

@book{ggplot2,
    author    = {Hadley Wickham},
    title     = {ggplot2: Elegant Graphics for Data Analysis},
    publisher = {Springer-Verlag New York},
    date      = {2016},
    isbn      = {978-3-319-24277-4},
    url       = {https://ggplot2.tidyverse.org}
}

@book{Gilboa2014,
    author     = {ギルボア, I.},
    sortname   = {Itzhak Gilboa},
    origauthor = {Itzhak Gilboa},
    origdate   = {2009},
    origtitle  = {Theory of Decision under Uncertainty},
    translator = {川越, 敏司},
    date       = {2014},
    title      = {不確実性下の意思決定理論},
    publisher  = {勁草書房},
    language   = {japanese}
}

@article{GPArotation,
    title   = {Gradient Projection Algorithms and Software for Arbitrary
               Rotation Criteria in Factor Analysis},
    author  = {Coen A. Bernaards and Robert I. Jennrich},
    journal = {Educational and Psychological Measurement},
    date    = {2005},
    volume  = {65},
    issue   = {5},
    pages   = {676--696},
    doi     = {10.1177/0013164404272507}
}

@article{HAD,
    author    = {清水, 裕士},
    sortname  = {Shimizu, Hiroshi},
    title     = {フリーの統計分析ソフトHAD : 機能の紹介と統計学習・教育，研究実践における利用方法の提案},
    journal   = {メディア・情報・コミュニケーション研究},
    issn      = {2432-048X},
    publisher = {WebLab},
    date      = {2016},
    number    = {1},
    pages     = {59-73},
    language  = {japanese}
}

@book{Hadley_Wickham2016-02-10,
    title         = {R言語徹底解説},
    sortname      = {Hadley Wickham},
    origauthor    = {Hadley Wickham},
    origtitle     = {Advanced R},
    origdate      = {2015},
    origpublisher = {Taylor \& Francis Group},
    translator    = {石田, 基広 and 市川, 太祐 and 高柳, 慎一 and 福島, 真太朗},
    publisher     = {共立出版},
    date          = {2016-02-10},
    language      = {japanese}
}

@article{Hadley2014,
    title   = {Tidy Data},
    author  = {Wickham Hadley},
    date    = {2014},
    volume  = {59},
    journal = {Journal of Statistical Software},
    url     = {https://www.jstatsoft.org/index.php/jss/article/view/v059i10},
    doi     = {10.18637/jss.v059.i10},
    pages   = {1--23}
}

@article{Haebara1987,
    title    = {相関係数および平均値差の解釈のための確率的な指標},
    author   = {南風原,朝和 and 芝,祐順},
    sortname = {Haebara,Tomokazu and Shiba, Sukeyori},
    journal  = {教育心理学研究},
    volume   = {35},
    number   = {3},
    pages    = {259-265},
    date     = {1987},
    doi      = {10.5926/jjep1953.35.3_259},
    language = {japanese}
}


@book{Haebara200206,
    title      = {心理統計学の基礎},
    subtitle   = { 統合的理解のために},
    author     = {南風原,朝和},
    sortname   = {Haebara,Tomokazu},
    publisher  = {有斐閣},
    date       = {2002},
    isbn       = {9784641121607},
    url        = {http://amazon.co.jp/o/ASIN/4641121605/},
    totalpages = {394},
    timestamp  = {2020.02.06},
    language   = {japanese}
}


@book{Hamada201812,
    title      = {その問題、数理モデルが解決します},
    author     = {浜田,宏},
    sortname   = {Hamada,Hiroshi},
    publisher  = {ベレ出版},
    date       = {2018},
    isbn       = {9784860645687},
    url        = {http://amazon.co.jp/o/ASIN/4860645685/},
    totalpages = {307},
    timestamp  = {2020.02.01},
    language   = {japanese}
}

@book{Hamada201912,
    title      = {社会科学のためのベイズ統計モデリング},
    author     = {浜田,宏 and 石田,淳 and 清水,裕士},
    sortname   = {Hamada,Hiroshi},
    publisher  = {朝倉書店},
    date       = {2019},
    month      = {12},
    isbn       = {9784254128420},
    url        = {http://amazon.co.jp/o/ASIN/4254128428/},
    totalpages = {240},
    timestamp  = {2020.02.13},
    language   = {japanese}
}

@book{Hanage2017,
    title       = {新しい単位},
    author      = {{世界単位認定協会}},
    contributor = {五月女, ケイ子},
    publisher   = {ポプラ社},
    date        = {2017},
    month       = {3},
    language    = {japanese}
}

@book{Hashimoto201607,
    title      = {実験心理学のための統計学},
    subtitle   = {[心理学のための統計学2]: t検定と分散分析},
    author     = {橋本,貴充 and 荘島,宏二郎},
    sortname   = {Hashimoto,Takamitsu},
    publisher  = {誠信書房},
    date       = {2016},
    month      = {7},
    isbn       = {9784414301885},
    url        = {http://amazon.co.jp/o/ASIN/4414301882/},
    totalpages = {131},
    timestamp  = {2020.02.12},
    language   = {japanese}
}

@book{Hebizo2016,
    title     = {決してマネしないでください。(1)},
    author    = {蛇蔵},
    sortname  = {Hebizo},
    publisher = {講談社コミックス},
    date      = {2014},
    month     = {12},
    language  = {japanese}
}

@book{Higuchu20200406,
    title     = {社会調査のための計量テキスト分析},
    subtitle  = {内容分析の継承と発展を目指して},
    editon    = {第2版},
    author    = {樋口, 耕一},
    sortname  = {Higuchi,Koichi},
    publisher = {ナカニシヤ出版},
    date      = {2020},
    month     = {4},
    edition   = {単行本},
    language  = {japanese}
}

@inbook{Hirakawa2021,
    author    = {平川,真},
    sortname  = {Hirakawa, Makoto},
    editor    = {清水,裕士},
    title     = {2変数の関係を表す統計量の推定},
    booktitle = {心理学統計法},
    publisher = {放送大学教育振興会},
    date      = {2021},
    pages     = {150--162},
    language  = {japanese}
}

@book{Hiraoka20041001,
    title     = {プログラミングのための線形代数},
    author    = {平岡, 和幸 and 堀, 玄},
    publisher = {オーム社},
    sortname  = {Hiraoka,Kazuyuki and Hori Gen},
    date      = {2004},
    language  = {japanese}
}

@book{Hiraoka200910,
    title     = {プログラミングのための確率統計},
    author    = {平岡,和幸 and 堀,玄},
    sortname  = {Hiraoka,Kazuyuki and Hori Gen},
    publisher = {オーム社},
    date      = {2009},
    isbn      = {9784274067754},
    url       = {http://amazon.co.jp/o/ASIN/4274067750/},
    language  = {japanese}
}


@article{Hojodaiki2018,
    title    = {係留ビネット法による反応スタイルの分類 ヨーロッパの大規模健康調査を例に},
    author   = {北條,大樹 and 岡田,謙介},
    sortname = {Hojo,Daiki and Okada,Kensuke},
    journal  = {行動計量学},
    pages    = {13--25},
    volume   = {45},
    date     = {2018},
    language = {japanese}
}

@article{holzinger1939study,
    title   = {A study in factor analysis: The stability of a bi-factor solution.},
    author  = {Holzinger, Karl John and Swineford, Frances},
    journal = {Supplementary educational monographs},
    date    = {1939}
}


@article{Ikeda2016,
    title    = {心理学における再現可能性危機：問題の構造と解決策},
    author   = {池田,功毅 and 平石,界},
    sortname = {Ikeda,Koki},
    journal  = {心理学評論},
    volume   = {59},
    number   = {1},
    pages    = {3-14},
    date     = {2016},
    doi      = {10.24602/sjpr.59.1_3},
    language = {japanese}
}

@book{IkeuchiR2014,
    title     = {宇宙論と神 (集英社新書)},
    author    = {池内,了},
    sortname  = {Ikeuchu,Tohru},
    publisher = {集英社},
    date      = {2014},
    language  = {japanese}
}

@book{Isaacson2012,
    author        = {アイザクソン, W.},
    sortname      = {Walter Isaacson},
    origauthor    = {Walter Isaacson},
    origdate      = {1995},
    origtitle     = {Steve Jobs},
    translator    = {井口, 耕二},
    date          = {2011},
    title         = {スティーブ・ジョブズ},
    origpublisher = {JSTOR},
    publisher     = {講談社},
    language      = {japanese}
}

@book{Ishida201801,
    title     = {Rで楽しむベイズ統計入門[しくみから理解するベイズ推定の基礎] (Data Science Library)},
    author    = {奥村,晴彦 and 瓜生,真也 and 牧山,幸史},
    sortname  = {Okumura,Haruhiko},
    publisher = {技術評論社},
    date      = {2018},
    language  = {japanese}
}

@book{Ishida201902,
    title     = {女子高生乱子によるベイズ統計学入門講座},
    subtitle  = {とある弁当屋の統計技師},
    author    = {石田,基広 and 石田,和枝},
    sortname  = {Ishida,Motohiro},
    publisher = {共立出版},
    date      = {2019},
    language  = {japanese}
}

@article{JAGS,
    title     = {Just Another Gibbs Additive Modeler: Interfacing JAGS and mgcv},
    volume    = {75},
    issn      = {1548-7660},
    url       = {http://dx.doi.org/10.18637/jss.v075.i07},
    doi       = {10.18637/jss.v075.i07},
    number    = {7},
    journal   = {Journal of Statistical Software},
    publisher = {Foundation for Open Access Statistic},
    author    = {Wood, Simon N.},
    date      = {2016}
}


@book{Jared_P_Lander2018-12-28,
    title         = {みんなのR 第2版},
    author        = {ランダー，J.P.},
    sortname      = {Lander,J.P},
    origauthor    = {Lander,J.P},
    origtitle     = {R for Everyone},
    origdate      = {2017},
    origedition   = {2nd},
    origpublisher = {Addison-Wesley Professional},
    translator    = {高柳, 慎一 and 津田, 真樹 and 牧山, 幸史 and 松村, 杏子 and 簑田, 高志},
    publisher     = {マイナビ出版},
    date          = {2018-12-28},
    language      = {japanese}
}

@article{JASP2021,
    author  = {{JASP Team}},
    title   = {{JASP (Version 0.16)[Computer software]}},
    date    = {2021},
    journal = {},
    url     = {https://jasp-stats.org/}
}


@misc{JASP2024,
    author = {{JASP Team}},
    title  = {{JASP (Version 0.18.3)[Computer software]}},
    year   = {2024},
    url    = {https://jasp-stats.org/}
}

@book{Jerry2019,
    author        = {ミュラー, ジェリー and ミュラー, ジェリー・Z},
    sortname      = {Jerry Muller and Jerry Z. Muller},
    origauthor    = {Jerry Muller and Jerry Z. Muller},
    origdate      = {2018},
    origtitle     = {The tyranny of metrics},
    translator    = {松本, 裕},
    date          = {2019},
    title         = {測りすぎ},
    subtitle      = {なぜパフォーマンス評価は失敗するのか?},
    origpublisher = {Princeton University Press},
    publisher     = {みすず書房},
    language      = {japanese}
}

@book{JPGuilfod,
    author        = {ギルフォード, J.P.},
    sortname      = {Guilford, J.P.},
    origauthor    = {Guilford, J.P.},
    origdate      = {1954},
    origtitle     = {Psychometric Methods},
    translator    = {秋重, 善治},
    date          = {1959},
    title         = {精神測定法},
    origpublisher = {McGraw-Hill Book Company},
    publisher     = {培風館},
    language      = {japanese}
}

@book{Kant1961,
    author         = {イマヌエル・カント},
    sortname       = {Kant, Immanuel},
    origauthor     = {Immanuel Kant},
    origdate       = {1787},
    origtitle      = {Critique of Pure Reason},
    translator     = {篠田, 英雄},
    translatortype = {},
    translatora    = {},
    date           = {1961},
    title          = {純粋理性批判},
    origpublisher  = {},
    publisher      = {岩波書店},
    language       = {japanese}
}

@book{Katoken2014,
    title     = {Rによる項目反応理論},
    author    = {加藤,健太郎 and 山田,剛史 and 川端,一光},
    sortname  = {Katoh Kentaro and Yamada, Tsuyoshi and Kawabata kazumitu},
    publisher = {オーム社},
    date      = {2014},
    language  = {japanese}
}

@book{Kawabata201408,
    title     = {心理学のための統計学入門},
    subtitle  = {[心理学のための統計学1]: ココロのデータ分析},
    author    = {川端,一光 and 荘島,宏二郎},
    publisher = {誠信書房},
    sortname  = {Kawabata,kazumitsu},
    date      = {2014},
    language  = {japanese}
}

@book{Keith2016,
    author        = {キース・E・スタノヴィッチ},
    sortname      = {Stanovich, Keith E},
    origauthor    = {Keith E. Stanovich},
    origdate      = {1992},
    origtitle     = {How to think straight about psychology},
    translator    = {金坂, 弥起},
    date          = {2016},
    title         = {心理学をまじめに考える方法:真実を見抜く批判的思考},
    origpublisher = {HarperCollins Publishers},
    publisher     = {誠信書房},
    language      = {japanese}
}

@book{Kieran2018,
    author        = {キーラン・ヒーリー},
    sortname      = {Healy, Kieran},
    origauthor    = {Kieran Healy},
    origdate      = {2018},
    origtitle     = {Data Visualization: A Practical Introduction},
    translator    = {瓜生, 真也 and 江口, 哲史 and 三村, 喬生},
    date          = {2021},
    title         = {データ分析のためのデータ可視化入門},
    origpublisher = {Princeton Univ Pr},
    publisher     = {講談社},
    language      = {japanese}
}
@incollection{Kikuchi2018,
    booktitle = {心理学って何だろうか?: 四千人の調査から見える期待と現実},
    title     = {心理学者は誰の心も見透かせるの?--学問と偽科学の違い},
    author    = {菊池,聡},
    sortname  = {Kikuchi,Satoshi},
    pages     = {119-151},
    editor    = {楠見,孝 and 日本心理学会},
    publisher = {誠信書房},
    date      = {2018},
    language  = {japanese}
}
@book{Kinosady2020,
    title     = {RユーザのためのRStudio[実践]入門},
    subtitle  = {tidyverseによるモダンな分析フローの世界},
    author    = {松村,優哉 and 湯谷,啓明 and 紀ノ定,保礼 and 前田,和寛},
    sortname  = {Matsumura,Yuuya},
    publisher = {技術評論社},
    date      = {2018},
    language  = {japanese}
}

@book{Kinosady2021,
    title     = {改訂2版 RユーザのためのRStudio[実践]入門},
    subtitle  = {tidyverseによるモダンな分析フローの世界},
    author    = {松村, 優哉 and 湯谷, 啓明 and 紀ノ定, 保礼 and 前田, 和寛},
    sortname  = {Matsumura,Yuuya and Yutani, Hiroaki},
    publisher = {技術評論社},
    date      = {2021},
    language  = {japanese}
}

@book{Kono1999-05-01,
    title     = {確率概論},
    author    = {河野, 敬雄},
    sortname  = {Kono,Norio},
    publisher = {京都大学学術出版会},
    date      = {1999-05-01},
    language  = {japanese}
}

@article{kosugi120005596041,
    author    = {小杉, 考司},
    sortname  = {Kosuig,Koji},
    title     = {学校適応感尺度FITの開発},
    journal   = {研究論叢. 第3部, 芸術・体育・教育・心理},
    issn      = {0286-0597},
    publisher = {山口大学教育学部},
    date      = {2014},
    month     = {},
    volume    = {64},
    number    = {},
    pages     = {69-82},
    url       = {https://ci.nii.ac.jp/naid/120005596041/},
    doi       = {},
    language  = {japanese}
}

@article{kosugi2004,
    title    = {バランス理論と固有値分解},
    author   = {小杉,考司 and 藤澤,隆史 and 藤原,武弘},
    sortname = {Kosugi,Koji and Fujisawa,Takashi and Fujihara,Takehiro},
    journal  = {理論と方法},
    volume   = {19},
    number   = {1},
    pages    = {87-100},
    date     = {2004},
    doi      = {10.11218/ojjams.19.87},
    language = {japanese}
}

@article{kosugi2011,
    author    = {小杉, 考司 and 清水, 裕士 and 藤澤, 隆史 and 石盛, 真徳 and 渡邊, 太 and 藤澤, 等},
    sortname  = {Kosugi,Koji and Shimizu,Hiroshi and Fujisawa,Takashi and Ishimori,Masanori and Watanabe,Futoshi and Fujisawa,Hitoshi},
    title     = {家族関係尺度の構成とその階層的因子構造について},
    journal   = {行動計量学},
    issn      = {03855481},
    publisher = {日本行動計量学会},
    date      = {2011},
    volume    = {38},
    number    = {1},
    pages     = {93-99},
    doi       = {10.2333/jbhmk.38.93},
    url       = {https://cir.nii.ac.jp/crid/1390001205178104064},
    language  = {japanese}
}

@book{Kosugi2014Mplus,
    title     = {M-plusとRによる構造方程式モデリング入門},
    editor    = {小杉, 考司 and 清水, 裕士},
    sortname  = {Kosugi,Koji and Shimizu,Hiroshi},
    publisher = {北大路書房},
    date      = {2014},
    language  = {japanese}
}

@book{kosugi2016a,
    author        = {L.G. グリム and P.R. ヤーノルド},
    sortname      = {Grimm, Laurence and Yarnold, Paul},
    origauthor    = {Laurence Grimm and Paul Yarnold},
    origdate      = {1994},
    origtitle     = {Reading and Understanding Multivariate Statistics},
    translator    = {小杉, 考司 and 高田, 菜美 and 山根, 嵩史},
    date          = {2016},
    title         = {研究論文を読み解くための多変量解析入門 基礎篇: 重回帰分析からメタ分析まで},
    origpublisher = {American Psychological Association},
    publisher     = {北大路書房},
    language      = {japanese}
}

@book{kosugi2016b,
    author        = {L. グリム and P. ヤーノルド},
    sortname      = {Grimm, Laurence G. and Yarnold, Paul R.},
    origauthor    = {Laurence Grimm and Paul Yarnold},
    origdate      = {2001},
    origtitle     = {Reading and Understanding More Multivariate Statistics},
    translator    = {小杉, 考司 and 高田, 菜美 and 山根, 嵩史},
    date          = {2016-09},
    title         = {研究論文を読み解くための多変量解析入門 応用篇: SEMから生存分析まで},
    origpublisher = {American Psychological Association},
    publisher     = {北大路書房},
    language      = {japanese}
}

@book{kosugi2018,
    author    = {小杉, 考司},
    sortname  = {Kosugi,Koji},
    title     = {言葉と数式で理解する多変量解析入門},
    publisher = {北大路書房},
    date      = {2018},
    url       = {http://ci.nii.ac.jp/ncid/BB27527420},
    language  = {japanese}
}

@book{kosugi2019,
    author    = {小杉, 考司},
    sortname  = {Kosugi,Koji},
    title     = {Rでらくらく心理統計 : RStudio徹底活用},
    publisher = {講談社},
    date      = {2019},
    url       = {http://ci.nii.ac.jp/ncid/BB27718917},
    language  = {japanese}
}

@inbook{kosugi2019b,
    booktitle = {心理学統計法},
    series    = {公認心理師の基礎と実践},
    volume    = {5},
    title     = {その他の他変量解析},
    author    = {小杉,考司},
    sortname  = {Kosugi, Koji},
    pages     = {189--206},
    editor    = {楠見,孝 and 日本心理学会},
    publisher = {遠見書房},
    date      = {2019},
    language  = {japanese}
}

@book{kosugi2023,
    title     = {数値シミュレーションで読み解く統計のしくみ〜Rでためしてわかる心理統計},
    author    = {小杉, 考司 and 紀ノ定, 保礼 and 清水, 裕士},
    publisher = {技術評論社},
    date      = {2023},
    language  = {japanese}
}

@article{kruschke2018rejecting,
    title     = {Rejecting or accepting parameter values in Bayesian estimation},
    author    = {Kruschke, John K},
    journal   = {Advances in Methods and Practices in Psychological Science},
    volume    = {1},
    number    = {2},
    pages     = {270--280},
    date      = {2018},
    publisher = {Sage Publications Sage CA: Los Angeles, CA}
}

@article{kruskal1964,
    title     = {Nonmetric multidimensional scaling: a numerical method},
    author    = {Kruskal, Joseph,B},
    journal   = {Psychometrika},
    volume    = {29},
    number    = {2},
    pages     = {115--129},
    date      = {1964},
    publisher = {Springer-Verlag}
}

@article{kruskal1964multidimensional,
    title     = {Multidimensional scaling by optimizing goodness of fit to a nonmetric hypothesis},
    author    = {Kruskal, Joseph,B},
    journal   = {Psychometrika},
    volume    = {29},
    number    = {1},
    pages     = {1--27},
    date      = {1964},
    publisher = {Springer}
}

@book{Kubo2012,
    title     = {データ解析のための統計モデリング入門},
    subtitle  = {一般化線形モデル・階層ベイズモデル・MCMC},
    author    = {久保, 拓弥},
    sortname  = {Kubo, Takuya},
    publisher = {岩波書店},
    date      = {2012},
    edition   = {単行本},
    language  = {日本語},
    pages     = {272},
    language  = {japanese}
}

@book{Kumagai201508,
    title     = {教育心理学のための統計学},
    subtitle  = {[心理学のための統計学4]: テストでココロをはかる},
    author    = {熊谷,龍一 and 荘島,宏二郎},
    sortname  = {Kumagai,Ryuichi},
    publisher = {誠信書房},
    date      = {2015},
    language  = {japanese}
}



@book{Kurosaki2000,
    author     = {黒崎, 政男},
    sortname   = {Kurosaki, Masao},
    origauthor = {Masao Kurosaki},
    date       = {2000},
    title      = {カント『純粋理性批判』入門 (講談社選書メチエ)},
    publisher  = {講談社},
    language   = {japanese}
}

@book{Lambert201805,
    title      = {A Student’s Guide to Bayesian Statistics},
    author     = {Ben Lambert},
    publisher  = {SAGE Publications Ltd},
    date       = {2018},
    month      = {5},
    edition    = {1},
    isbn       = {9781473916364},
    url        = {http://amazon.co.jp/o/ASIN/1473916364/},
    totalpages = {520},
    timestamp  = {2020.02.13}
}

@book{lambert2018student,
    title     = {A student’s guide to Bayesian statistics},
    author    = {Lambert, Ben},
    date      = {2018},
    publisher = {Sage}
}


@book{Language2016,
    title     = {計算機言語のまとめノート},
    author    = {シ},
    publisher = {暗黒通信団},
    date      = {2016},
    language  = {japanese}
}

@article{lavaan,
    title   = {{lavaan}: An {R} Package for Structural Equation
               Modeling},
    author  = {Yves Rosseel},
    journal = {Journal of Statistical Software},
    date    = {2012},
    volume  = {48},
    number  = {2},
    pages   = {1--36},
    doi     = {10.18637/jss.v048.i02}
}


@book{Lee201709,
    author        = {リー,M.D and ワゲンメーカーズ,E-J.},
    sortname      = {Lee, M. D. and Wagenmakers, Eric-Jan},
    origauthor    = {Lee, M. D. and Wagenmakers, Eric-Jan},
    origdate      = {2013},
    origtitle     = {Bayesian Cognitive Modeling: A Practical Course},
    translator    = {井関, 龍太},
    date          = {2017},
    title         = {ベイズ統計で実践モデリング: 認知モデルのトレーニング},
    origpublisher = {Cambridge University Press},
    language      = {japanese}
}


@book{Lewin,
    author        = {レヴィン,K.},
    sortname      = {Lewin, K},
    origauthor    = {Kurt,Lewin},
    origdate      = {1951},
    origtitle     = {Field theory in social science: Selected theoretical papers},
    translator    = {猪俣, 佐登留},
    date          = {1956},
    title         = {社会科学における場の理論},
    origpublisher = {Harper \& Brothers},
    publisher     = {誠信書房},
    language      = {japanese}
}

@article{likert1932technique,
    title   = {A technique for the measurement of attitudes.},
    author  = {Likert, Rensis},
    journal = {Archives of psychology},
    date    = {1932},
    pages   = {5--55},
    volume  = {22}
}

@article{loo,
    title   = {Practical Bayesian model evaluation using leave-one-out
               cross-validation and WAIC},
    author  = {Aki Vehtari and Andrew Gelman and Jonah Gabry},
    date    = {2017},
    journal = {Statistics and Computing},
    volume  = {27},
    issue   = {5},
    pages   = {1413--1432},
    doi     = {10.1007/s11222-016-9696-4}
}

@article{ltm,
    title   = {ltm: An R package for Latent Variable Modelling and Item
               Response Theory Analyses},
    author  = {Dimitris Rizopoulos},
    journal = {Journal of Statistical Software},
    date    = {2006},
    volume  = {17},
    number  = {5},
    pages   = {1--25},
    url     = {http://www.jstatsoft.org/v17/i05/}
}

@book{Maeda2017,
    author          = {クルシュケ, J.K.},
    sortname        = {Kruschke, J.K.},
    origauthor      = {John K. Kruschke},
    origdate        = {2014},
    origtitle       = {Doing Bayesian Data Analysis},
    origedition     = {2nd},
    translator      = {前田, 和寛 and 小杉, 考司},
    translatortype  = {監訳},
    translatora     = {前田,和寛 and 小杉,考司 and 井関,龍太 and 井上,和哉 and 鬼田, 崇作 and 紀ノ定 ,保礼 and 国里, 愛彦 and 坂本, 次郎 and 杣取, 恵太 and 高田, 菜美 and 竹林, 由武 and 徳岡 ,大 and  難波, 修史 and 西田, 若葉 and 平川, 真 and 福屋, いずみ and 武藤, 杏里 and 山根, 嵩史 and 横山, 仁史},
    translatoratype = {訳},
    date            = {2017},
    title           = {ベイズ統計モデリング: R, JAGS, Stanによるチュートリアル 原著第2版},
    origpublisher   = {Elsevier},
    publisher       = {共立出版},
    language        = {japanese}
}
@book{Maor_Eli2019-01-10,
    author        = {マオール, E.},
    sortname      = {Maor, Eli},
    origauthor    = {Eli Maor},
    origdate      = {1994},
    origtitle     = {e:the story of a number},
    translator    = {伊理, 由美},
    date          = {1999},
    title         = {不思議な数ｅの物語},
    origpublisher = {Princeton University Press},
    publisher     = {筑摩書房},
    language      = {japanese}
}
@book{Mariko199602,
    author    = {鞠子,英雄},
    isbn      = {9784938551254},
    sortname  = {Mariko,Hideo},
    publisher = {ハーベスト社},
    date      = {2020},
    title     = {「複雑‐安定性」のドグマ},
    subtitle  = {はじめてのシステム論},
    language  = {japanese}
}



@inproceedings{matejka2017same,
    title     = {Same stats, different graphs: generating datasets with varied appearance and identical statistics through simulated annealing},
    author    = {Matejka, Justin and Fitzmaurice, George},
    booktitle = {Proceedings of the 2017 CHI conference on human factors in computing systems},
    pages     = {1290--1294},
    date      = {2017}
}
@book{Matia201201,
    title     = {伝えるための心理統計: 効果量・信頼区間・検定力},
    author    = {大久保,街亜 and 岡田,謙介},
    sortname  = {Ohkubo,Machia and Okada Kensukje},
    publisher = {勁草書房},
    date      = {2012},
    language  = {japanese}
}
@book{Matsuura201610,
    title     = {StanとRでベイズ統計モデリング},
    author    = {松浦,健太郎},
    sortname  = {Matsuura,Kentaro},
    publisher = {共立出版},
    date      = {2016},
    language  = {japanese}
}


@book{mcgrayne2011theory,
    author        = {シャロン・バーチュ・マグレイン},
    sortname      = {McGrayne, Sharon Bertsch},
    origauthor    = {Sharon Bertsch McGrayne},
    origdate      = {2011},
    origtitle     = {The Theory That Would Not Die},
    translator    = {冨永, 星},
    date          = {2018},
    title         = {異端の統計学ベイズ},
    origpublisher = {Yale University Press},
    publisher     = {草思社},
    language      = {japanese}
}

@book{Michimata200903,
    author    = {道又,爾},
    sortname  = {Michimata,Satoru},
    isbn      = {9784326298907},
    date      = {2009},
    month     = {3},
    publisher = {勁草書房},
    title     = {心理学入門一歩手前},
    subtitle  = {「心の科学」のパラドックス},
    language  = {japanese}
}

@book{Minaka2018,
    title     = {統計思考の世界},
    subtitle  = {曼荼羅で読み解くデータ解析の基礎},
    author    = {三中,信宏},
    sortname  = {Minaka,nobuhiro},
    publisher = {技術評論社},
    date      = {2018},
    language  = {japanese}
}

@book{Minamoto2015,
    title     = {スッキリわかる確率統計},
    subtitle  = {定理のくわしい証明つき},
    author    = {皆本, 晃弥},
    sortname  = {Minamoto,Teruya},
    publisher = {近代科学社},
    date      = {2015},
    month     = {6},
    language  = {japanese}
}


@article{mirt,
    title   = {{mirt}: A Multidimensional Item Response Theory Package
               for the {R} Environment},
    author  = {R. Philip Chalmers},
    journal = {Journal of Statistical Software},
    date    = {2012},
    volume  = {48},
    number  = {6},
    pages   = {1--29},
    doi     = {10.18637/jss.v048.i06}
}


@book{Miura201705,
    title     = {なるほど! 心理学研究法(心理学ベーシック第1巻)},
    author    = {三浦,麻子},
    sortname  = {Miura,Asako},
    publisher = {北大路書房},
    date      = {2017},
    language  = {japanese}
}

@article{MiuraAsako2015,
    title    = {オンライン調査モニタのSatisficeに関する実験的研究},
    author   = {三浦,麻子 and 小林,哲郎},
    sortname = {Miura,Asako and Kobayashi,Tetsuro},
    journal  = {社会心理学研究},
    volume   = {31},
    number   = {1},
    pages    = {1-12},
    date     = {2015},
    doi      = {10.14966/jssp.31.1_1},
    language = {japanese}
}


@book{Miyagawa1997,
    title     = {グラフィカルモデリング (統計ライブラリー)},
    author    = {宮川, 雅巳},
    sortname  = {Miyagawa,Masaki},
    publisher = {朝倉書店},
    date      = {1997},
    language  = {japanese}
}

@book{Miyatani2009,
    title     = {心理学基礎実習マニュアル},
    editor    = {宮谷, 真人 and 坂田, 省吾 and 林, 光緒 and 坂田, 桐子 and 入戸野, 宏 and 森田, 愛子},
    sortname  = {Miyauchi,Masato and Sakata,Shogo and Hayashi,Mitsuo},
    publisher = {北大路書房},
    date      = {2009},
    language  = {japanese}
}


@article{Mizumoto2010,
    author    = {水本,篤 and 竹内,理},
    sortname  = {Mizumoto, Atsushi and Takeuchi, Osamu},
    title     = {効果量と検定力分析入門 : 統計的検定を正しく使うために},
    journal   = {2010年度部会報告論集「より良い外国語教育のための方法」},
    publisher = {外国語教育メディア学会　関西支部メソドロジー研究部会},
    date      = {2011},
    language  = {japanese}
}

@book{Murakami20160301,
    title     = {教養の線形代数},
    author    = {村上, 正康 and 佐藤, 恒雄 and 野澤, 宗平 and 稲葉, 尚志},
    sortname  = {Murakami, masayasu and Satoh, tuneo and Nozawa, souhei and Inaba Naoshi},
    publisher = {培風館},
    date      = {2016},
    language  = {japanese}
}

@book{MurakamiRYU,
    title       = {心理学・社会科学研究のための構造方程式モデリング: Mplusによる実践 基礎編},
    author      = {谷, 伊織 and 平島, 太郎},
    contributor = {村上, 隆 and 行廣, 隆次},
    sortname    = {Tani,iori and Hirashima,Taro},
    editor      = {伊藤, 大幸},
    publisher   = {ナカニシヤ出版},
    date        = {2018},
    language    = {japanese}
}


@article{muraki1992generalized,
    title     = {A generalized partial credit model: Application of an EM algorithm},
    author    = {Muraki, Eiji},
    journal   = {ETS Research Report Series},
    volume    = {1992},
    number    = {1},
    pages     = {i--30},
    date      = {1992},
    publisher = {Wiley Online Library}
}

@book{Naganuma20110920,
    title     = {物理数学の直観的方法〈普及版〉},
    author    = {長沼,伸一郎},
    sortname  = {Naganuma, Shinichiro},
    publisher = {講談社},
    date      = {2011},
    language  = {japanese}
}

@book{Naganuma2201611,
    title     = {経済数学の直観的方法 確率・統計編},
    author    = {長沼,伸一郎},
    sortname  = {Naganuma,Shinichiro},
    publisher = {講談社},
    date      = {2016},
    language  = {japanese}
}

@book{Nagao200305,
    author        = {ストールマン,R.M.},
    sortname      = {Stallman, Richard M.},
    origauthor    = {Richard M. Stallman},
    origdate      = {2002},
    origtitle     = {Free software,free society},
    translator    = {長尾, 高弘},
    date          = {2003},
    title         = {フリーソフトウェアと自由な社会},
    origpublisher = {Lulu. com},
    publisher     = {アスキー},
    language      = {japanese}
}

@book{Nagata20050401,
    title     = {統計学のための数学入門30講},
    author    = {永田, 靖},
    sortname  = {nagata yasushi},
    publisher = {朝倉書店},
    date      = {2005},
    language  = {japanese}
}

@book{Nakano2017,
    title     = {大学新入生のためのリメディアル数学},
    edition   = {第2版},
    author    = {中野, 友裕},
    sortname  = {Nakano,Tomohisa},
    publisher = {森北出版},
    date      = {2017-10-27},
    language  = {japanese}
}

@book{Nishisato2010,
    title     = {行動科学のためのデータ解析ー情報把握に適した方法の利用},
    author    = {西里, 静彦},
    sortname  = {Nishisato, Sizuhiko},
    publisher = {培風館},
    date      = {2010},
    language  = {japanese}
}

@book{Nishiuchi201301,
    title     = {統計学が最強の学問である},
    author    = {西内,啓},
    sortname  = {Nishiuchi,Kei},
    publisher = {ダイヤモンド社},
    date      = {2013},
    language  = {japanese}
}

@book{Nishiuchi201712,
    title     = {統計学が最強の学問である[数学編]},
    subtitle  = {データ分析と機械学習のための新しい教科書},
    author    = {西内,啓},
    sortname  = {Nishiuchi,Kei},
    publisher = {ダイヤモンド社},
    date      = {2017},
    language  = {japanese}
}


@book{Nojima201903,
    title     = {心理学統計法},
    series    = {公認心理師の基礎と実践},
    volume    = {5},
    editor    = {野島,一彦 and 繁桝,算男 and 山田,剛史},
    sortname  = {Yashima,Kazuhiko},
    publisher = {遠見書房},
    date      = {2019},
    language  = {japanese}
}

@book{Ohashi201610,
    title     = {心理学史},
    author    = {大芦,治},
    publisher = {ナカニシヤ出版},
    sortname  = {Oashi,osamu},
    date      = {2016},
    language  = {japanese}
}

@book{Ohmura201301,
    title     = {実験計画と分散分析のはなし},
    subtitle  = {効率よい計画とデータ解析のコツ},
    author    = {大村,平},
    sortname  = {Ohmura,Taira},
    publisher = {日科技連出版社},
    date      = {2013},
    language  = {japanese}
}


@article{okada1987nonmetric,
    title     = {Nonmetric multidimensional scaling of asymmetric proximities},
    author    = {Okada, Akinori and Imaizumi, Tadashi},
    journal   = {Behaviormetrika},
    volume    = {14},
    number    = {21},
    pages     = {81--96},
    date      = {1987},
    publisher = {Springer}
}

@book{Okada19940115,
    title     = {パソコン多次元尺度構成法},
    author    = {岡太, 彬訓 and 今泉, 忠},
    sortname  = {Okada,Akinori and Imaizumi,chu},
    publisher = {共立出版},
    date      = {1994},
    language  = {japanese}
}

@article{okada1997asymmetric,
    title     = {Asymmetric multidimensional scaling of two-mode three-way proximities},
    author    = {Okada, Akinori and Imaizumi, Tadashi},
    journal   = {Journal of Classification},
    volume    = {14},
    number    = {2},
    pages     = {195--224},
    date      = {1997},
    publisher = {Springer}
}


@book{Okada200804,
    title     = {データ分析のための線形代数},
    author    = {岡太,彬訓},
    sortname  = {Okada,akinori},
    publisher = {共立出版},
    date      = {2008},
    language  = {japanese}
}


@misc{Onoshima2021,
    author       = {小野島,昂洋},
    sortname     = {Onoshima,kouyou},
    title        = {lav2tikz.R},
    date         = {2021},
    publisher    = {GitHub},
    journal      = {GitHub repository},
    howpublished = {\url{https://github.com/onoshima/myfunction}},
    language     = {japanese}
}

@book{Oshio2020,
    title     = {性格とは何か},
    subtitle  = {より良く生きるための心理学},
    author    = {小塩,真司},
    sortname  = {Oshio,Shinji},
    publisher = {中央公論新社},
    date      = {2020},
    language  = {japanese}
}

@article{partchev2017package,
    title   = {Package ‘irtoys’},
    author  = {Partchev, Ivailo and Partchev, Maintainer Ivailo and Suggests, MASS},
    journal = {A collection of functions related to item response theory (IRT)},
    date    = {2017}
}

@manual{psych,
    title        = {psych: Procedures for Psychological, Psychometric, and
                    Personality Research},
    author       = {William Revelle},
    organization = { Northwestern University},
    address      = { Evanston, Illinois},
    date         = {2021},
    note         = {R package version 2.1.3},
    url          = {https://CRAN.R-project.org/package=psych}
}


@book{Ren_Kun2017-11-23,
    title           = {Rプログラミング本格入門: 達人データサイエンティストへの道},
    sortname        = {Ren,Kun},
    origauthor      = {Ren,Kun},
    origtitle       = {Learning R Programming},
    origdate        = {2016},
    origpublisher   = {Packt Publishing},
    translator      = {株式会社ホクソエム},
    translatortype  = {監訳},
    translatora     = {湯谷, 啓明 and 松村, 杏子 and 市川, 太祐 and ホクソエム},
    translatoratype = {訳},
    publisher       = {共立出版},
    date            = {2017-11-23},
    edition         = {単行本},
    language        = {japanese}
}

@book{Rosling2019,
    author        = {H.ロスリング and O.ロスリング and A.R・ロンランド},
    sortname      = {Rosling, Hans and Rosling, Ola and Rönnlund, Anna Rosling},
    origauthor    = {Hans Rosling and Ola Rosling and Anna Rosling Rönnlund},
    origdate      = {2018},
    origtitle     = {Factfulness},
    translator    = {上杉, 周作 and 関, 美和},
    date          = {2019},
    title         = {FACTFULNESS : 10の思い込みを乗り越え、データを基に世界を正しく見る習慣},
    origpublisher = {Brockman Inc.},
    publisher     = {日経BP社},
    language      = {japanese}
}

@inbook{samejima1997graded,
    title     = {Graded response model},
    editor    = {W. J. Linden and R. K. Hambleton},
    author    = {Samejima, Fumiko},
    booktitle = {Handbook of modern item response theory},
    pages     = {85--100},
    date      = {1997},
    publisher = {Springer}
}

@article{satho2008,
    author     = {サトウ,タツヤ},
    sortname   = {Satoh,Tatsuya},
    publisher  = {日本心理学会},
    title      = {「心理学の過去は長いが歴史は短い」宣言から80年},
    url        = {https://psych.or.jp/interest/mm-16/},
    journal    = {心理学ワールド},
    volume     = {41},
    date       = {2008},
    bdsk-url-1 = {https://psych.or.jp/interest/mm-16/},
    language   = {japanese}
}

@book{Sato1994-02-25,
    title     = {はじめての確率論},
    subtitle  = {測度から確率へ},
    author    = {佐藤, 坦},
    sortname  = {Sato,Tan},
    publisher = {共立出版},
    date      = {1994-02-25},
    language  = {japanese}
}

@book{Shibasuke197901,
    title     = {因子分析法},
    author    = {芝, 祐順},
    sortname  = {Shiba, Sukeyori},
    publisher = {東京大学出版会},
    date      = {1979},
    language  = {japanese}
}

@inbook{shigemasu2019,
    author    = {繁桝,算男},
    sortname  = {Shigemasu,Kazui},
    booktitle = {公認心理師の基礎と実践 5 心理学統計法},
    title     = {ベイズ統計学},
    pages     = {275--296},
    editor    = {楠見,孝 and 日本心理学会},
    publisher = {遠見書房},
    date      = {2019},
    language  = {japanese}
}


@article{Shiina2013,
    title    = {七つの正規分布},
    author   = {椎名,乾平},
    sortname = {shiina,kippei},
    journal  = {心理学評論},
    volume   = {56},
    number   = {1},
    pages    = {7-34},
    date     = {2013},
    doi      = {10.24602/sjpr.56.1_7},
    language = {japanese}
}

@book{Shimizu201705,
    title     = {社会心理学のための統計学},
    subtitle  = {[心理学のための統計学3]: 心理尺度の構成と分析},
    author    = {清水,裕士 and 荘島,宏二郎},
    sortname  = {Shimizu,Hiroshi},
    publisher = {誠信書房},
    date      = {2017},
    language  = {japanese}
}
@incollection{shimizu2018,
    author    = {清水,裕士},
    sortname  = {Shimizu Hiroshi},
    title     = {阪神ファン--巨人ファンの2大精力構造は本当か},
    booktitle = {たのしいベイズモデリング},
    publisher = {北大路書房},
    date      = {2018},
    pages     = {21--32},
    editor    = {豊田秀樹},
    language  = {japanese}
}

@book{Shimizu2021,
    title     = {心理学統計法},
    author    = {清水, 裕士},
    sortname  = {Shimizu,Hiroshi},
    publisher = {放送大学教育振興会},
    date      = {2021},
    language  = {japanese}
}

@article{ShimizuKazuaki2007,
    title    = {$\alpha$はやめて$\omega$にしよう},
    author   = {清水,和秋},
    sortname = {Shimizu,Kazuaki},
    journal  = {日本心理学会大会発表論文集},
    volume   = {71},
    number   = { },
    pages    = {2PM049-2PM049},
    date     = {2007},
    doi      = {10.4992/pacjpa.71.0_2PM049},
    language = {japanese}
}

@inbook{Shimoyama2001,
    author    = {下山,晴彦},
    sortname  = {Shimoyama,Haruhiko},
    editor    = {下山,晴彦 and 丹野,義彦},
    pages     = {3-24},
    publisher = {東京大学出版会},
    booktitle = {講座臨床心理学},
    title     = {臨床心理学研究の多様性と可能性},
    volume    = {2},
    date      = {2001},
    language  = {japanese}
}

@article{Shojima2011,
    author    = {荘島, 宏二郎},
    sortname  = {Shojima,Kojiro},
    title     = {Asymmetric von Mises Scaling : Asymmetric multidimensional scaling using directional distribution},
    journal   = {日本行動計量学会大会発表論文抄録集},
    publisher = {日本行動計量学会},
    date      = {2011},
    volume    = {39},
    pages     = {261-262},
    url       = {https://cir.nii.ac.jp/crid/1572824502778162688},
    language  = {japanese}
}

@misc{soumu,
    title     = {統計表における機械判別可能なデータ作成に関する表記方法},
    date      = {2020},
    author    = {総務省},
    publisher = {統計企画会議申し合わせ},
    url       = {https://www.soumu.go.jp/main_content/000723697.pdf},
    language  = {japanese}
}

@article{stan2017,
    title     = {Stan: A probabilistic programming language},
    author    = {Carpenter, Bob and Gelman, Andrew and Hoffman, Matthew D and Lee, Daniel and Goodrich, Ben and Betancourt, Michael and Brubaker, Marcus and Guo, Jiqiang and Li, Peter and Riddell, Allen},
    journal   = {Journal of statistical software},
    volume    = {76},
    number    = {1},
    date      = {2017},
    publisher = {Columbia Univ., New York, NY (United States); Harvard Univ., Cambridge, MA (United States)}
}

@article{stevens1946,
    title     = {On the theory of scales of measurement},
    author    = {Stevens, Stanley Smith},
    date      = {1946},
    journal   = {Science},
    volume    = {103},
    number    = {2684},
    pages     = {677-680},
    publisher = {Bobbs-Merrill, College Division}
}


@book{Suenaga1987,
    title     = {社会心理学研究入門},
    editor    = {末永, 俊郎},
    sortname  = {Suenaga,Toshiro},
    publisher = {東京大学出版会},
    date      = {1987},
    language  = {japanese}
}

@book{Sugimoto2020,
    title     = {ネット興亡記 敗れざる者たち},
    author    = {杉本,貴司},
    sortname  = {Sugimoto,Takashi},
    publisher = {日本経済新聞出版},
    date      = {2020},
    language  = {japanese}
}

@book{Takagi196807,
    author        = {ダレル・ハフ},
    sortname      = {Huff, Darrell},
    origauthor    = {Darrell Huff},
    origdate      = {1954},
    origtitle     = {How to Lie with Statistics},
    translator    = {高木, 秀玄},
    date          = {1968-07},
    title         = {統計でウソをつく法},
    subtitle      = { 数式を使わない統計学入門},
    origpublisher = {W. W. Norton \& Company},
    publisher     = {講談社},
    language      = {japanese}
}

@book{Takahashi200211,
    title     = {項目反応理論入門ー新しい絶対評価},
    author    = {高橋, 正視},
    sortname  = {Takahashi,Masasi},
    publisher = {イデア出版局},
    date      = {2002},
    language  = {japanese}
}

@incollection{Takahashi201805,
    title     = {再現可能性のすゝめ},
    author    = {高橋,康介},
    sortname  = {Takahashi,Kosuke},
    editor    = {石田, 基広},
    volume    = {3},
    series    = {Wonderful R},
    publisher = {共立出版},
    date      = {2018},
    language  = {japanese}
}

@incollection{Takahashi20220210,
    title     = {統計的因果推論の理論と実装},
    author    = {高橋, 将宜},
    sortname  = {Takahashi,Masanobu and Ishida,Motohiro},
    editor    = {石田, 基広 and 市川, 太祐 and 高橋, 康介 and 高柳, 慎一 and 福島, 真太朗 and 松浦, 健太郎},
    publisher = {共立出版},
    volume    = {5},
    series    = {Wonderful R},
    date      = {2022-02-10},
    language  = {japanese}
}
@book{Takane198002,
    title     = {多次元尺度法},
    author    = {高根, 芳雄},
    sortname  = {Takane,Yoshio},
    publisher = {東京大学出版会},
    date      = {1980},
    language  = {japanese}
}

@book{Takeuchi2010,
    title     = {高校数学でわかる線形代数ー行列の基礎から固有値まで},
    author    = {竹内, 淳},
    publisher = {講談社},
    date      = {2010-11-19},
    language  = {japanese}
}

@book{TakeyamaYoshihiro,
    title     = {数学書の読みかた},
    author    = {竹山,美宏},
    sortname  = {Takeyama,Yoshihiro},
    publisher = {森北出版},
    date      = {2022-03-08},
    language  = {japanese}
}

@book{Tanaka197701,
    title     = {心理学的測定法},
    author    = {田中, 良久},
    sortname  = {Tanaka,Yoshihisa},
    publisher = {東京大学出版会},
    date      = {1977},
    language  = {japanese}
}

@book{TanakaKumajiro,
    author    = {田中,熊次郎},
    sortname  = {Tanaka,Kumajiro},
    title     = {ソシオメトリーの理論と方法},
    date      = {1960},
    publisher = {明治図書出版},
    language  = {japanese}
}

@book{Tanioka200006,
    title     = {リサーチ・リテラシーのすすめ 「社会調査」のウソ},
    author    = {谷岡,一郎},
    sortname  = {Tanioka,Ichiro},
    publisher = {文藝春秋},
    date      = {2000},
    language  = {japanese}
}

@book{Tanobei2018,
    title     = {たのしいベイズモデリング},
    subtitle  = {事例で拓く研究のフロンティア},
    author    = {豊田, 秀樹},
    sortname  = {Toyoda,Hideki},
    publisher = {北大路書房},
    date      = {2018},
    language  = {japanese}
}

@book{Tanobei2019,
    title     = {たのしいベイズモデリング2},
    subtitle  = {事例で拓く研究のフロンティア},
    author    = {豊田, 秀樹},
    sortname  = {Toyoda,Hideki},
    publisher = {北大路書房},
    date      = {2019},
    language  = {japanese}
}

@misc{tidySEM,
    author       = {Van Lissa, C. J.},
    title        = {tidySEM: A tidy workflow for running, reporting, and plotting structural equation models in lavaan or Mplus. },
    date         = {2019},
    publisher    = {Github},
    journal      = {GitHub repository},
    howpublished = {\url{https://github.com/cjvanlissa/tidySEM/}}
}

@article{tidyverse,
    title   = {Welcome to the {tidyverse}},
    author  = {Hadley Wickham and Mara Averick and Jennifer Bryan and
               Winston Chang and Lucy D'Agostino McGowan and Romain François and
               Garrett Grolemund and Alex Hayes and Lionel Henry and Jim Hester
               and Max Kuhn and Thomas Lin Pedersen and Evan Miller and Stephan
               Milton Bache and Kirill Müller and Jeroen Ooms and David Robinson
               and Dana Paige Seidel and Vitalie Spinu and Kohske Takahashi and
               Davis Vaughan and Claus Wilke and Kara Woo and Hiroaki Yutani},
    date    = {2019},
    journal = {Journal of Open Source Software},
    volume  = {4},
    number  = {43},
    pages   = {1686},
    doi     = {10.21105/joss.01686}
}

@book{Todayama2022,
    title     = {論文の教室},
    subtitle  = {レポートから卒論まで},
    edition   = {最新版},
    author    = {戸田山, 和久},
    sortname  = {todayama,kazuhisa},
    publisher = {NHK出版},
    date      = {2022},
    language  = {japanese}
}

@book{Toyoda1992,
    title     = {原因をさぐる統計学},
    subtitle  = {共分散構造分析入門},
    sortname  = {Toyoda,Hideki},
    author    = {豊田,秀樹 and 前田,忠彦 and 柳井,晴夫},
    publisher = {講談社},
    date      = {1992},
    language  = {japanese}
}

@book{Toyoda20000401,
    title     = {共分散構造分析},
    subtitle  = {構造方程式モデリング 応用編},
    author    = {豊田, 秀樹},
    sortname  = {Toyoda,Hideki},
    publisher = {朝倉書店},
    date      = {2000},
    language  = {japanese}
}

@book{Toyoda2007,
    title     = {共分散構造分析},
    subtitle  = {構造方程式モデリング 理論編},
    author    = {豊田, 秀樹},
    sortname  = {Toyoda,Hideki},
    publisher = {朝倉書店},
    date      = {2007-10-01},
    language  = {japanese}
}

@book{Toyoda2008,
    title     = {データマイニング入門},
    author    = {豊田, 秀樹},
    sortname  = {Toyoda,Hideki},
    publisher = {東京図書},
    date      = {2008},
    language  = {japanese}
}

@book{Toyoda2009,
    title     = {検定力分析入門},
    subtitle  = {Rで学ぶ最新データ解析ー},
    author    = {豊田, 秀樹},
    sortname  = {Toyoda,Hideki},
    publisher = {東京図書},
    date      = {2009},
    language  = {japanese}
}
@book{Toyoda20120824,
    title     = {項目反応理論[入門編]},
    edition   = {第2版},
    author    = {豊田, 秀樹},
    sortname  = {Toyoda Hideki},
    publisher = {朝倉書店},
    date      = {2012},
    language  = {japanese}
}

@book{Toyoda201506,
    title     = {基礎からのベイズ統計学},
    subtitle  = {ハミルトニアンモンテカルロ法による実践的入門},
    author    = {豊田,秀樹},
    sortname  = {Toyoda,Hideki},
    publisher = {朝倉書店},
    date      = {2015},
    language  = {japanese}
}

@book{Toyoda201606,
    title     = {はじめての 統計データ分析},
    subtitle  = {ベイズ的〈ポストp値時代〉の統計学},
    author    = {豊田,秀樹},
    sortname  = {Toyoda,Hideki},
    publisher = {朝倉書店},
    date      = {2016},
    language  = {japanese}
}

@book{Toyoda2017,
    title     = {実践 ベイズモデリング},
    subtitle  = {解析技法と認知モデル-},
    author    = {豊田, 秀樹},
    sortname  = {Toyoda,Hideki},
    publisher = {朝倉書店},
    date      = {2017},
    language  = {japanese}
}

@book{Toyoda201706,
    title     = {もうひとつの重回帰分析},
    author    = {豊田,秀樹},
    publisher = {東京図書},
    sortname  = {Toyoda,Hideki},
    date      = {2017},
    language  = {japanese}
}


@book{Toyoda202003,
    title     = {瀕死の統計学を救え！},
    author    = {豊田,秀樹},
    publisher = {朝倉書店},
    sortname  = {Toyoda,Hideki},
    date      = {2020},
    language  = {japanese}
}

@article{Umemoto1955,
    author    = {梅本, 堯夫 and 森川, 弥寿雄 and 伊吹, 昌夫},
    sortname  = {Umemoto,Akio and Morikawa,Yasuo and Ibuki,Masao},
    title     = {清音2字音節の無連想価及び有意味度},
    journal   = {心理学研究},
    issn      = {00215236},
    publisher = {日本心理学会},
    date      = {1955},
    language  = {japanese}
}

@book{UserIlluision2002,
    author        = {ノーレットランダーシュ,T.},
    sortname      = {Norretranders, Tor},
    origauthor    = {Tor Norretranders},
    origdate      = {1999},
    origtitle     = {The user illusiton},
    translator    = {柴田, 裕之},
    date          = {2002},
    title         = {ユーザーイリュージョン},
    subtitle      = {意識という幻想},
    origpublisher = {Penguin},
    publisher     = {紀伊國屋書店},
    language      = {japanese}
}

@misc{wasserstein2016asa,
    title     = {The ASA statement on p-values: context, process, and purpose},
    author    = {Wasserstein, Ronald L and Lazar, Nicole A},
    date      = {2016},
    publisher = {Taylor \& Francis}
}


@book{Watanabe2019,
    title     = {動物に「心」は必要か: 擬人主義に立ち向かう},
    author    = {渡辺, 茂},
    sortname  = {Watanabe,Shigeru},
    publisher = {東京大学出版会},
    date      = {2019-12-27},
    language  = {japanese}
}

@book{Yamada2004,
    author    = {山田, 剛史 and 村井, 潤一郎},
    sortname  = {Yamada,Tsuyoshi},
    title     = {よくわかる心理統計},
    publisher = {ミネルヴァ書房},
    date      = {2004},
    series    = {やわらかアカデミズム・「わかる」シリーズ},
    url       = {http://ci.nii.ac.jp/ncid/BA68747748},
    language  = {japanese}
}

@book{Yamauchi201001,
    title     = {心理・教育のための統計法},
    author    = {山内,光哉},
    sortname  = {Yamauchi,Mitsuya},
    publisher = {サイエンス社},
    date      = {2010},
    language  = {japanese}
}

@book{Yanai1990,
    title     = {因子分析},
    subtitle  = {その理論と方法},
    author    = {柳井, 晴夫 and 前川, 真一 and 繁枡, 算男 and 市川, 雅教},
    publisher = {朝倉書店},
    sortname  = {Yanai,Haruo and Maekawa,Shin1 and Shigemasu, Kazuo and Ichikawa, Masanori},
    date      = {1990},
    month     = {3},
    language  = {japanese}
}

@book{Yasui2019,
    title     = {効果検証入門},
    subtitle  = {正しい比較のための因果推論／計量経済学の基礎},
    author    = {安井, 翔太},
    sortname  = {yasui,shota},
    publisher = {技術評論社},
    date      = {2019},
    language  = {japanese}
}

@book{Yoshida2021-02-25,
    title     = {確率の基礎から統計へ},
    edition   = {新装版},
    author    = {吉田, 伸生},
    sortname  = {Yoshida, Nobuo},
    publisher = {日本評論社},
    date      = {2021-02-25},
    language  = {japanese}
}

@book{YoshidaYoichi,
    title     = {数学序説},
    author    = {吉田, 洋一 and 赤, 攝也},
    sortname  = {Yoshida,Yoichi and Seki,Setuya},
    publisher = {筑摩書房},
    date      = {2013},
    language  = {japanese}
}

@inbook{Yoshino2007,
    title     = {公理的測定論の基礎},
    author    = {吉野, 諒三},
    sortname  = {Yoshino,Ryozo},
    booktitle = {数理心理学},
    subtitle  = {心理表現の論理と実際},
    editor    = {吉野, 諒三 and 山岸, 侯彦 and 千野, 直仁},
    chapter   = {2},
    pages     = {49--108},
    publisher = {培風館},
    date      = {2007},
    language  = {japanese}
}

@book{Yuki201810,
    title     = {数学ガールの秘密ノート/行列が描くもの (数学ガールの秘密ノートシリーズ)},
    author    = {結城,浩},
    sortname  = {Yuuki,Hiroshi},
    publisher = {SBクリエイティブ},
    date      = {2018},
    language  = {japanese}
}