@article{1390001205397311616,
    author    = {西村, 武},
    yomi      = {Nishimura,Takeshi},
    title     = {主観評価の理論と実際},
    journal   = {テレビジョン},
    issn      = {03743470},
    publisher = {一般社団法人 映像情報メディア学会},
    year      = {1977},
    volume    = {31},
    number    = {5},
    pages     = {369-377},
    doi       = {10.3169/itej1954.31.5_369},
    url       = {https://cir.nii.ac.jp/crid/1390001205397311616}
}

@article{abelson1954technique,
    title     = {A technique and a model for multi-dimensional attitude scaling},
    author    = {Abelson, Robert P},
    journal   = {Public Opinion Quarterly},
    volume    = {18},
    number    = {4},
    pages     = {405--418},
    year      = {1954},
    publisher = {Oxford University Press}
}

@book{Adachi200607,
    title     = {多変量データ解析法ー心理・教育・社会系のための入門},
    author    = {足立, 浩平},
    publisher = {ナカニシヤ出版},
    yomi      = {Adachi,Kohei},
    year      = {2006},
    month     = {7},
    edition   = {単行本},
    language  = {日本語},
    pages     = {171}
}

@incollection{Allport1935,
    title     = {Attitudes},
    author    = { Allport,Gordon W.},
    booktitle = {Readings in Attitude Theory and Measurement},
    editor    = {Martin Fishbein},
    year      = {1967},
    publisher = {John Wiley \& Sons Inc},
    address   = {New York},
    pages     = {3--13}
}

  @misc{amrhein2019scientists,
    title     = {Scientists rise up against statistical significance},
    author    = {Amrhein, Valentin and Greenland, Sander and McShane, Blake},
    year      = {2019},
    publisher = {Nature Publishing Group}
}

@book{Annette_J_Dobson2008-09-08,
    title      = {一般化線形モデル入門 原著第2版},
    author     = {Annette J.Dobson},
    translator = {田中, 豊 and 森川, 敏彦 and 山中, 竹春 and 冨田, 誠},
    publisher  = {共立出版},
    year       = {2008},
    month      = {9},
    date       = {8},
    edition    = {単行本},
    language   = {日本語},
    pages      = {280},
    keywords   = {確率・統計},
    isbn       = {978-4320018679},
    isbn10     = {4320018672},
    url        = {https://lead.to/amazon/jp/?op=bt&la=ja&key=4320018672},
    url-am     = {https://www.amazon.co.jp/dp/4320018672},
    url-ci     = {https://ci.nii.ac.jp/books/search?advanced=true&isbn=9784320018679},
    url-go     = {https://books.google.com/books?isbn=9784320018679},
    url-wo     = {https://www.worldcat.org/search?qt=l2a&q=isbn%3A9784320018679},
    price      = {￥4,070},
    condition  = {新品},
    timestamp  = {2021-04-08}
}

@book{AOKI2009,
    title     = {Rによる統計解析},
    author    = {青木, 繁伸},
    yomi      = {aoki,shigenobu},
    publisher = {オーム社},
    year      = {2009}
}

@book{Ashida2019,
    title     = {シラバス論:大学の時代と時間、あるいは〈知識〉の死と再生について},
    author    = {芦田,宏直},
    yomi      = {ashida,naohiro},
    publisher = {晶文社},
    year      = {2019},
    month     = {12},
    day       = {9},
    date      = {2019-12-09},
    edition   = {単行本},
    language  = {日本語}
}
  @book{ASOBO2,
    title     = {数字であそぼ。(2)(フラワーコミックス$\alpha$)},
    author    = {絹田,村子},
    yomi      = {Kinuta,Murako},
    publisher = {小学館},
    year      = {2019},
    month     = {6},
    day       = {10}
}

@book{BA33892274,
    author    = {永田, 靖 and 吉田, 道弘},
    yomi      = {Nagata, Yasushi},
    title     = {統計的多重比較法の基礎},
    publisher = {サイエンティスト社},
    year      = {1997},
    url       = {https://ci.nii.ac.jp/ncid/BA33892274}
}

@book{Baba2019,
    title     = {実践Data Scienceシリーズ RとStanではじめる ベイズ統計モデリングによるデータ分析入門 (KS情報科学専門書)},
    author    = {馬場, 真哉},
    yomi      = {Baba,Masaya},
    publisher = {講談社},
    year      = {2019}
}


@book{Baba201907,
    title      = {実践Data Scienceシリーズ RとStanではじめる ベイズ統計モデリングによるデータ分析入門},
    author     = {馬場,真哉},
    yomi       = {Baba,Masaya},
    publisher  = {講談社},
    year       = {2019},
    month      = {7},
    isbn       = {9784065165362},
    url        = {http://amazon.co.jp/o/ASIN/4065165369/},
    totalpages = {351},
    timestamp  = {2020.02.18}
}

@article{bayestestR,
    title   = {bayestestR: Describing Effects and their Uncertainty,
               Existence and Significance within the Bayesian Framework},
    author  = {Dominique Makowski and Mattan S. Ben-Shachar and Daniel
               Lüdecke},
    journal = {Journal of Open Source Software},
    doi     = {10.21105/joss.01541},
    year    = {2019},
    number  = {40},
    volume  = {4},
    pages   = {1541},
    url     = {https://joss.theoj.org/papers/10.21105/joss.01541}
}

@book{Bergson2002,
    title      = {Essai sur les données immédiates de la conscience},
    year       = {1889},
    jtitle     = {意識に直接与えられたものについての試論},
    author     = {Bergson,Henri},
    translator = {合田, 正人 and 平井, 靖史},
    publisher  = {筑摩書房},
    jyear      = {2002}
}

  @article{blavaanCite1,
    title   = {{blavaan}: Bayesian Structural Equation Models via
               Parameter Expansion},
    author  = {Edgar C. Merkle and Yves Rosseel},
    journal = {Journal of Statistical Software},
    year    = {2018},
    volume  = {85},
    number  = {4},
    pages   = {1--30},
    doi     = {10.18637/jss.v085.i04}
}

  @article{blavaanCite2,
    title   = {Efficient {B}ayesian Structural Equation Modeling in
               {Stan}},
    author  = {Edgar C. Merkle and Ellen Fitzsimmons and James Uanhoro
               and Ben Goodrich},
    journal = {Journal of Statistical Software},
    year    = {2021},
    volume  = {100},
    number  = {6},
    pages   = {1--22},
    doi     = {10.18637/jss.v100.i06}
}

  @article{bridgesampling,
    title   = {{bridgesampling}: An {R} Package for Estimating
               Normalizing Constants},
    author  = {Quentin F. Gronau and Henrik Singmann and Eric-Jan
               Wagenmakers},
    journal = {Journal of Statistical Software},
    year    = {2020},
    volume  = {92},
    number  = {10},
    pages   = {1--29},
    doi     = {10.18637/jss.v092.i10}
}
  @article{brmsCite1,
    title    = {{brms}: An {R} Package for {Bayesian} Multilevel Models
                Using {Stan}},
    author   = {Paul-Christian Bürkner},
    journal  = {Journal of Statistical Software},
    year     = {2017},
    volume   = {80},
    number   = {1},
    pages    = {1--28},
    doi      = {10.18637/jss.v080.i01},
    encoding = {UTF-8}
}

  @article{brmsCite2,
    title    = {Advanced {Bayesian} Multilevel Modeling with the {R}
                Package {brms}},
    author   = {Paul-Christian Bürkner},
    journal  = {The R Journal},
    year     = {2018},
    volume   = {10},
    number   = {1},
    pages    = {395--411},
    doi      = {10.32614/RJ-2018-017},
    encoding = {UTF-8}
}
  @article{carroll1970analysis,
    title     = {Analysis of individual differences in multidimensional scaling via an N-way generalization of “Eckart-Young” decomposition},
    author    = {Carroll, J Douglas and Chang, Jih-Jie},
    journal   = {Psychometrika},
    volume    = {35},
    number    = {3},
    pages     = {283--319},
    year      = {1970},
    publisher = {Springer}
}

@misc{Charles2013,
    author       = {Sacha Epskamp},
    title        = {semPlot},
    year         = {2021},
    publisher    = {GitHub},
    journal      = {GitHub repository},
    howpublished = {\url{https://github.com/SachaEpskamp/semPlot}}
}

  @book{Chino2012,
    title     = {非対称MDSの理論と応用},
    author    = {千野, 直仁 and 岡田, 謙介 and 佐部利, 真吾},
    publisher = {現代数学社},
    year      = {2012},
    month     = {4},
    edition   = {単行本},
    language  = {日本語},
    pages     = {331},
    keywords  = {本},
    isbn      = {978-4768704059},
    isbn10    = {4768704050},
    url       = {https://lead.to/amazon/jp/?op=bt&la=ja&key=4768704050},
    url-am    = {https://www.amazon.co.jp/dp/4768704050/},
    url-ci    = {https://ci.nii.ac.jp/books/search?advanced=true&isbn=9784768704059},
    url-go    = {https://books.google.com/books?isbn=9784768704059},
    url-wo    = {https://www.worldcat.org/search?qt=l2a&q=isbn%3A9784768704059},
    price     = {￥3,520},
    condition = {新品},
    timestamp = {2021-06-25}
}


@manual{cmdstanr,
    title  = {cmdstanr: R Interface to 'CmdStan'},
    author = {Jonah Gabry and Rok Češnovar and Andrew Johnson},
    year   = {2023},
    note   = {https://mc-stan.org/cmdstanr/, https://discourse.mc-stan.org}
}

@article{coombs1950psychological,
    title     = {Psychological scaling without a unit of measurement.},
    author    = {Coombs, Clyde H},
    journal   = {Psychological review},
    volume    = {57},
    number    = {3},
    pages     = {145},
    year      = {1950},
    publisher = {American Psychological Association}
}

@book{Coombs1970,
    address    = {New Jersey},
    author     = {Clyde H. Coombs and Robyn M. Dawes and Amos Tversky},
    genchokana = {クームス,C. and ドーズ,R.M. and トヴァスキー,A.},
    jkanyaku   = {小野,茂},
    jpublisher = {新曜社},
    jtitle     = {数理心理学序説},
    jyear      = {1974},
    publisher  = {Prentice-Hall Inc},
    title      = {Matehmatical Psychology: An Elementary Introduction},
    year       = {1970}
}

@article{CTV,
    title   = {{CRAN} Task Views},
    author  = {Achim Zeileis},
    journal = {R News},
    year    = {2005},
    volume  = {5},
    number  = {1},
    pages   = {39--40},
    url     = {https://CRAN.R-project.org/doc/Rnews/}
}

@book{Daihiko201507,
    editor     = {中西,大輔 and 今田,純雄 and 志和,資朗 and 古満,伊里 and 渡邊,芳之 and 三浦,麻子 and 小塩,真司},
    yomi       = {Nakanishi,Daisuke},
    isbn       = {9784779509063},
    month      = {7},
    publisher  = {ナカニシヤ出版},
    timestamp  = {2020.01.24},
    title      = {あなたの知らない心理学 - 大学で学ぶ心理学入門},
    totalpages = {172},
    url        = {http://amazon.co.jp/o/ASIN/4779509068/},
    year       = {2015},
    bdsk-url-1 = {http://amazon.co.jp/o/ASIN/4779509068/}
}


  @book{Descartes,
    title      = {方法序説 (岩波文庫)},
    author     = {Descartes,Ren\'{e}},
    genchokana = {ルネ・デカルト},
    jkanyaku   = {谷川,多佳子},
    publisher  = {岩波書店},
    year       = {1997},
    month      = {7},
    date       = {16},
    language   = {日本語},
    totalpages = {219},
    keywords   = {思想, 哲学・思想}
}
  @manual{effsize,
    title  = {effsize: Efficient Effect Size Computation},
    author = {Marco Torchiano},
    year   = {2020},
    note   = {R package version 0.8.1},
    doi    = {10.5281/zenodo.1480624},
    url    = {https://CRAN.R-project.org/package=effsize}
}
@book{Fujihara2001,
    title     = {社会的態度の理論・測定・応用},
    author    = {藤原, 武弘},
    publisher = {関西学院大学出版会},
    year      = {2001},
    yomi      = {Fujihara,Takehiro}
}


@book{fujisawaCore,
    title     = {ソシオン理論のコア},
    author    = {藤澤, 等},
    yomi      = {Fujiswa,Hitoshi},
    publisher = {北大路書房},
    year      = {1997}
}
@article{gelman2006prior,
    author    = {Gelman, Andrew and others},
    journal   = {Bayesian analysis},
    number    = {3},
    pages     = {515--534},
    publisher = {International Society for Bayesian Analysis},
    title     = {Prior distributions for variance parameters in hierarchical models (comment on article by Browne and Draper)},
    volume    = {1},
    year      = {2006}
}

  @book{Gerd200309,
    jtitle     = {数字に弱いあなたの驚くほど危険な生活 - 病院や裁判で統計にだまされないために},
    genchokana = {ゲルト,ギーゲレンツァー},
    jpublisher = {早川書房},
    jauthor    = {吉田,利子},
    jyear      = {2003},
    year       = {2003},
    title      = {Calculated Risks},
    author     = {Gerd Giegernzer},
    publisher  = {Brockman Inc.}
}

@book{ggplot2,
    author    = {Hadley Wickham},
    title     = {ggplot2: Elegant Graphics for Data Analysis},
    publisher = {Springer-Verlag New York},
    year      = {2016},
    isbn      = {978-3-319-24277-4},
    url       = {https://ggplot2.tidyverse.org}
}

@book{Gilboa2014,
    title      = {Theory of Decision under Uncertainty},
    year       = {2009},
    author     = {Gilboa,Itzhak},
    translator = {川越, 敏司},
    publisher  = {勁草書房},
    genchokana = {イツァーク, ギルボア},
    jtitle     = {不確実性下の意思決定理論},
    jyear      = {2014},
    edition    = {単行本},
    language   = {日本語},
    pages      = {302}
}

@article{GPArotation,
    title   = {Gradient Projection Algorithms and Software for Arbitrary
               Rotation Criteria in Factor Analysis},
    author  = {Coen A. Bernaards and Robert I. Jennrich},
    journal = {Educational and Psychological Measurement},
    year    = {2005},
    volume  = {65},
    issue   = {5},
    pages   = {676--696},
    doi     = {10.1177/0013164404272507}
}

@article{HAD,
    author    = {清水, 裕士},
    yomi      = {Shimizu, Hiroshi},
    title     = {フリーの統計分析ソフトHAD : 機能の紹介と統計学習・教育，研究実践における利用方法の提案},
    journal   = {メディア・情報・コミュニケーション研究},
    issn      = {2432-048X},
    publisher = {WebLab},
    year      = {2016},
    month     = {mar},
    volume    = {},
    number    = {1},
    pages     = {59-73},
    url       = {https://ci.nii.ac.jp/naid/120005744983/},
    doi       = {}
}

@article{Hadley2014,
    title   = {Tidy Data},
    author  = {Wickham, Hadley},
    year    = {2014},
    volume  = {59},
    journal = {Journal of Statistical Software},
    url     = {https://www.jstatsoft.org/index.php/jss/article/view/v059i10},
    doi     = {10.18637/jss.v059.i10},
    pages   = {1--23}
}

@article{Haebara1987,
    title   = {相関係数および平均値差の解釈のための確率的
               な指標},
    author  = {南風原,朝和 and 芝,祐順},
    yomi    = {Haebara,Tomokazu and Shiba, Sukeyori},
    journal = {教育心理学研究},
    volume  = {35},
    number  = {3},
    pages   = {259-265},
    year    = {1987},
    doi     = {10.5926/jjep1953.35.3_259}
}

@book{Haebara200206,
    title      = {心理統計学の基礎 - 統合的理解のために},
    author     = {南風原,朝和},
    yomi       = {Haebara,Tomokazu},
    publisher  = {有斐閣},
    year       = {2002},
    month      = {6},
    isbn       = {9784641121607},
    url        = {http://amazon.co.jp/o/ASIN/4641121605/},
    totalpages = {394},
    timestamp  = {2020.02.06}
}

@book{Hamada201812,
    title      = {その問題、数理モデルが解決します},
    author     = {浜田,宏},
    yomi       = {Hamada,Hiroshi},
    publisher  = {ベレ出版},
    year       = {2018},
    month      = {12},
    isbn       = {9784860645687},
    url        = {http://amazon.co.jp/o/ASIN/4860645685/},
    totalpages = {307},
    timestamp  = {2020.02.01}
}

@book{Hamada201912,
    title      = {社会科学のためのベイズ統計モデリング},
    author     = {浜田,宏 and 石田,淳 and 清水,裕士},
    yomi       = {Hamada,Hiroshi},
    publisher  = {朝倉書店},
    year       = {2019},
    month      = {12},
    isbn       = {9784254128420},
    url        = {http://amazon.co.jp/o/ASIN/4254128428/},
    totalpages = {240},
    timestamp  = {2020.02.13}
}

@book{Hanage2017,
    title       = {新しい単位},
    author      = {{世界単位認定協会}},
    contributor = {五月女, ケイ子},
    publisher   = {ポプラ社},
    year        = {2017},
    month       = {3}
}

@book{Hashimoto201607,
    title      = {実験心理学のための統計学[心理学のための統計学2]: t検定と分散分析},
    author     = {橋本,貴充 and 荘島,宏二郎},
    yomi       = {Hashimoto,Takamitsu},
    publisher  = {誠信書房},
    year       = {2016},
    month      = {7},
    isbn       = {9784414301885},
    url        = {http://amazon.co.jp/o/ASIN/4414301882/},
    totalpages = {131},
    timestamp  = {2020.02.12}
}

@book{Hebizo2016,
    title      = {決してマネしないでください。（１） (モーニングコミックス)},
    author     = {蛇蔵},
    yomi       = {Hebizo},
    publisher  = {講談社},
    year       = {2014},
    month      = {12},
    date       = {22},
    language   = {日本語},
    totalpages = {148},
    keywords   = {コミック, 青年マンガ},
    asin       = {B00R2OALNI}
}

@book{Higuchu20200406,
    title     = {社会調査のための計量テキスト分析ー内容分析の継承と発展を目指して【第2版】 KH Coder オフィシャルブック},
    author    = {樋口, 耕一},
    yomi      = {Higuchi,Koichi},
    publisher = {ナカニシヤ出版},
    year      = {2020},
    month     = {4},
    date      = {6},
    edition   = {単行本},
    language  = {日本語},
    pages     = {264},
    keywords  = {社会一般関連書籍, 社会学概論},
    isbn      = {978-4779514746},
    isbn10    = {4779514746},
    url       = {https://lead.to/amazon/jp/?op=bt&la=ja&key=4779514746},
    url-am    = {https://www.amazon.co.jp/dp/4779514746},
    url-ci    = {https://ci.nii.ac.jp/books/search?advanced=true&isbn=9784779514746},
    url-go    = {https://books.google.com/books?isbn=9784779514746},
    url-wo    = {https://www.worldcat.org/search?qt=l2a&q=isbn%3A9784779514746},
    price     = {￥3,080},
    condition = {新品},
    timestamp = {2021-04-07}
}

@incollection{Hirakawa2021,
    author    = {平川,真},
    yomi      = {Hirakawa, Makoto},
    editor    = {清水,裕士},
    title     = {2変数の関係を表す統計量の推定},
    booktitle = {心理学統計法 (放送大学教材 1638)},
    publisher = {放送大学教育振興会},
    year      = {2021},
    pages     = {150--162}
}

@book{Hiraoka20041001,
    title     = {プログラミングのための線形代数},
    author    = {平岡, 和幸 and 堀, 玄},
    publisher = {オーム社},
    yomi      = {Hiraoka,Kazuyuki and Hori Gen},
    year      = {2004},
    month     = {10},
    date      = {1},
    edition   = {単行本},
    pages     = {355},
    keywords  = {代数・幾何},
    isbn      = {978-4274065781},
    isbn10    = {4274065782},
    url       = {https://lead.to/amazon/jp/?op=bt&la=ja&key=4274065782},
    url-am    = {https://www.amazon.co.jp/dp/4274065782},
    url-ci    = {https://ci.nii.ac.jp/books/search?advanced=true&isbn=9784274065781},
    url-go    = {https://books.google.com/books?isbn=9784274065781},
    url-wo    = {https://www.worldcat.org/search?qt=l2a&q=isbn%3A9784274065781},
    price     = {￥3,300},
    condition = {新品},
    timestamp = {2021-04-08}
}

@book{Hiraoka200910,
    title      = {プログラミングのための確率統計},
    author     = {平岡,和幸 and 堀,玄},
    yomi       = {Hiraoka,Kazuyuki},
    publisher  = {オーム社},
    year       = {2009},
    month      = {10},
    isbn       = {9784274067754},
    url        = {http://amazon.co.jp/o/ASIN/4274067750/},
    totalpages = {384},
    timestamp  = {2020.02.18}
}

@article{Hojodaiki2018,
    title   = {係留ビネット法による反応スタイルの分類 ヨーロッパの大規模健康調査を例に},
    author  = {北條,大樹 and 岡田,謙介},
    yomi    = {Hojo,Daiki and Okada,Kensuke},
    journal = {行動計量学},
    pages   = {13--25},
    volume  = {45},
    year    = {2018}
}

@article{holzinger1939study,
    title   = {A study in factor analysis: The stability of a bi-factor solution.},
    author  = {Holzinger, Karl John and Swineford, Frances},
    journal = {Supplementary educational monographs},
    year    = {1939}
}


@article{Ikeda2016,
    title   = {心理学における再現可能性危機：問題の構造と解決策},
    author  = {池田,功毅 and 平石,界},
    yomi    = {Ikeda,Koki},
    journal = {心理学評論},
    volume  = {59},
    number  = {1},
    pages   = {3-14},
    year    = {2016},
    doi     = {10.24602/sjpr.59.1_3}
}

@book{IkeuchiR2014,
    title      = {宇宙論と神 (集英社新書)},
    author     = {池内,了},
    yomi       = {Ikeuchu,Tohru},
    publisher  = {集英社},
    year       = {2014},
    month      = {2},
    date       = {19},
    edition    = {Kindle版},
    language   = {日本語},
    totalpages = {145},
    keywords   = {宇宙学・天文学（一般）関連書籍, 宇宙学・天文学},
    asin       = {B00NPK89QO},
    amurl      = {https://www.amazon.co.jp/dp/B00NPK89QO},
    laurl      = {https://lead.to/amazon/jp/?op=bt&la=ja&key=B00NPK89QO},
    price      = {￥737},
    condition  = {新品},
    timestamp  = {2021-01-06}
}
@book{Isaacson2012,
    title      = {スティーブ・ジョブズ 1,2},
    author     = {Walter,Isaacson},
    translator = {井口,耕二},
    publisher  = {講談社},
    year       = {2012},
    month      = {11},
    date       = {16},
    edition    = {新書},
    language   = {日本語}
}

@book{Ishida201801,
    title      = {Rで楽しむベイズ統計入門[しくみから理解するベイズ推定の基礎] (Data Science Library)},
    author     = {奥村,晴彦 and 瓜生,真也 and 牧山,幸史},
    yomi       = {Okumura,Haruhiko},
    publisher  = {技術評論社},
    year       = {2018},
    month      = {1},
    isbn       = {9784774195032},
    url        = {http://amazon.co.jp/o/ASIN/4774195030/},
    totalpages = {224},
    timestamp  = {2020.02.18}
}

@book{Ishida201902,
    title      = {女子高生乱子によるベイズ統計学入門講座: とある弁当屋の統計技師(データサイエンティスト) 3},
    author     = {石田,基広 and 石田,和枝},
    yomi       = {Ishida,Motohiro},
    publisher  = {共立出版},
    year       = {2019},
    month      = {2},
    isbn       = {9784320113459},
    url        = {http://amazon.co.jp/o/ASIN/4320113454/},
    totalpages = {182},
    timestamp  = {2020.02.18}
}

@article{JAGS,
    title     = {Just Another Gibbs Additive Modeler: Interfacing JAGS and mgcv},
    volume    = {75},
    issn      = {1548-7660},
    url       = {http://dx.doi.org/10.18637/jss.v075.i07},
    doi       = {10.18637/jss.v075.i07},
    number    = {7},
    journal   = {Journal of Statistical Software},
    publisher = {Foundation for Open Access Statistic},
    author    = {Wood, Simon N.},
    year      = {2016}
}

@article{JASP2021,
    author  = {{JASP Team}},
    title   = {{JASP (Version 0.16)[Computer software]}},
    year    = {2021},
    journal = {},
    url     = {https://jasp-stats.org/}
}

@book{Jerry2019,
    title      = {The tyranny of metrics},
    author     = {Muller, Jerry and Muller, Jerry Z},
    year       = {2018},
    publisher  = {Princeton University Press},
    jtitle     = {測りすぎーーなぜパフォーマンス評価は失敗するのか? },
    genchokana = {ジェリー・Z・ミュラー},
    translator = {松本,裕},
    jpublisher = {みすず書房},
    jyear      = {2019}
}

@book{JPGuilfod,
    author     = {Guilford, J.P.},
    year       = {1954},
    title      = {Psychometric Methods},
    address    = {New York},
    publisher  = {McGraw-Hill Book Company},
    genchokana = {ギルフォード,J.P},
    jauthor    = {秋重,善治},
    jyear      = {1959},
    jtitle     = {精神測定法},
    jpublisher = {培風館}
}

@book{Kant1961jo,
    title      = {純粋理性批判 上 (岩波文庫 青 625-3)},
    author     = {Kant,Immanuel},
    genchokana = {カント},
    translator = {篠田, 英雄},
    publisher  = {岩波書店},
    year       = {1787},
    jyear      = {1961}
}



@book{Kant1962ge,
    title      = {純粋理性批判 下 (岩波文庫 青 625-5)},
    author     = {Kant,Immanuel},
    genchokana = {カント},
    translator = {篠田, 英雄},
    publisher  = {岩波書店},
    year       = {1787},
    jyear      = {1961}
}

@book{Katoken2014,
    title     = {Rによる項目反応理論},
    author    = {加藤,健太郎 and 山田,剛史 and 川端,一光},
    yomi      = {Katoh Kentaro and Yamada, Tsuyoshi and Kawabata kazumitu},
    publisher = {オーム社},
    year      = {2014},
    month     = {7},
    date      = {25},
    edition   = {Kindle版},
    language  = {日本語},
    keywords  = {本, 数学},
    asin      = {B01IGW577Y},
    amurl     = {https://www.amazon.co.jp/dp/B01IGW577Y},
    laurl     = {https://lead.to/amazon/jp/?op=bt&la=ja&key=B01IGW577Y},
    price     = {￥3,867},
    condition = {新品},
    timestamp = {2021-03-25}
}

@book{Kawabata201408,
    title      = {心理学のための統計学入門[心理学のための統計学1]: ココロのデータ分析},
    author     = {川端,一光 and 荘島,宏二郎},
    publisher  = {誠信書房},
    yomi       = {Kawabata,kazumitsu},
    year       = {2014},
    month      = {8},
    isbn       = {9784414301878},
    url        = {http://amazon.co.jp/o/ASIN/4414301874/},
    totalpages = {128},
    timestamp  = {2020.01.27}
}


@book{Keith2016,
    author     = {Stanovich, Keith E},
    genchokana = {キース・E・スタノヴィッチ},
    jauthor    = {金坂,弥起},
    jpublisher = {誠信書房},
    jtitle     = {心理学をまじめに考える方法:真実を見抜く批判的思考},
    jyear      = {2016},
    publisher  = {HarperCollins Publishers},
    title      = {How to think straight about psychology},
    url        = {http://amazon.co.jp/o/ASIN/4414306310/},
    year       = {1992},
    bdsk-url-1 = {http://amazon.co.jp/o/ASIN/4414306310/}
}


@book{Kieran2018,
    title      = {Data Visualization: A Practical Introduction},
    author     = {Healy, Kieran},
    publisher  = {Princeton Univ Pr},
    year       = {2018},
    month      = {12},
    date       = {18},
    edition    = {Paperback},
    jtitle     = {データ分析のためのデータ可視化入門 },
    genchokana = {キーラン・ヒーリー},
    jkanyaku   = {瓜生, 真也 and 江口, 哲史 and 三村, 喬生},
    jpublisher = {講談社},
    jyear      = {2021}
}

@incollection{Kikuchi2018,
    booktitle  = {心理学って何だろうか?: 四千人の調査から見える期待と現実},
    title      = {心理学者は誰の心も見透かせるの?--学問と偽科学の違い},
    author     = {菊池,聡},
    yomi       = {Kikuchi,Satoshi},
    pages      = {119-151},
    editor     = {楠見,孝 and 日本心理学会},
    publisher  = {誠信書房},
    year       = {2018},
    month      = {2},
    isbn       = {9784414311211},
    url        = {http://amazon.co.jp/o/ASIN/4414311217/},
    totalpages = {187},
    timestamp  = {2020.01.28}
}

@book{Kinosady2020,
    title      = {RユーザのためのRStudio[実践]入門−tidyverseによるモダンな分析フローの世界−},
    author     = {松村,優哉 and 湯谷,啓明 and 紀ノ定,保礼 and 前田,和寛},
    yomi       = {Matsumura,Yuuya},
    publisher  = {技術評論社},
    year       = {2018},
    month      = {6},
    isbn       = {9784774198538},
    url        = {http://amazon.co.jp/o/ASIN/4774198536/},
    totalpages = {240},
    timestamp  = {2020.02.06}
}

@book{Kinosady2021,
    title     = {改訂2版 RユーザのためのRStudio[実践]入門〜tidyverseによるモダンな分析フローの世界},
    author    = {松村, 優哉 and 湯谷, 啓明 and 紀ノ定, 保礼 and 前田, 和寛},
    yomi      = {Matsumura,Yuuya and Yutani, Hiroaki},
    publisher = {技術評論社},
    year      = {2021}
}
@article{kosugi120005596041,
    author    = {小杉, 考司},
    yomi      = {Kosuig,Koji},
    title     = {学校適応感尺度FITの開発},
    journal   = {研究論叢. 第3部, 芸術・体育・教育・心理},
    issn      = {0286-0597},
    publisher = {山口大学教育学部},
    year      = {2014},
    month     = {},
    volume    = {64},
    number    = {},
    pages     = {69-82},
    url       = {https://ci.nii.ac.jp/naid/120005596041/},
    doi       = {}
}
@article{kosugi2004,
    title   = {バランス理論と固有値分解},
    author  = {小杉,考司 and 藤澤,隆史 and 藤原,武弘},
    yomi    = {Kosugi,Koji and Fujisawa,Takashi and Fujihara,Takehiro},
    journal = {理論と方法},
    volume  = {19},
    number  = {1},
    pages   = {87-100},
    year    = {2004},
    doi     = {10.11218/ojjams.19.87}
}

@article{kosugi2011,
    author    = {小杉, 考司 and 清水, 裕士 and 藤澤, 隆史 and 石盛, 真徳 and 渡邊, 太 and 藤澤, 等},
    yomi      = {Kosugi,Koji and Shimizu,Hiroshi and Fujisawa,Takashi and Ishimori,Masanori and Watanabe,Futoshi and Fujisawa,Hitoshi},
    title     = {家族関係尺度の構成とその階層的因子構造について},
    journal   = {行動計量学},
    issn      = {03855481},
    publisher = {日本行動計量学会},
    year      = {2011},
    volume    = {38},
    number    = {1},
    pages     = {93-99},
    doi       = {10.2333/jbhmk.38.93},
    url       = {https://cir.nii.ac.jp/crid/1390001205178104064}
}

@book{Kosugi2014Mplus,
    title     = {M-plusとRによる構造方程式モデリング入門},
    editor    = {小杉, 考司 and 清水, 裕士},
    yomi      = {Kosugi,Koji and Shimizu,Hiroshi},
    publisher = {北大路書房},
    year      = {2014},
    month     = {1},
    date      = {10},
    edition   = {単行本},
    language  = {日本語},
    pages     = {332},
    keywords  = {確率・統計},
    isbn      = {978-4762828256},
    isbn10    = {4762828254},
    url       = {https://lead.to/amazon/jp/?op=bt&la=ja&key=4762828254},
    url-am    = {https://www.amazon.co.jp/dp/4762828254},
    url-ci    = {https://ci.nii.ac.jp/books/search?advanced=true&isbn=9784762828256},
    url-go    = {https://books.google.com/books?isbn=9784762828256},
    url-wo    = {https://www.worldcat.org/search?qt=l2a&q=isbn%3A9784762828256},
    price     = {￥2,750},
    condition = {新品},
    timestamp = {2021-04-08}
}
@book{kosugi2016a,
    title      = {Reading and Undestanding Multivariate Statistics},
    author     = {Grimm,Laurence G. and Yarnold,Paul R.},
    publisher  = {American Psychological Association},
    year       = {1994},
    genchokana = {L.G. グリム and P.R. ヤーノルド},
    jtitle     = {研究論文を読み解くための多変量解析入門 基礎篇: 重回帰分析からメタ分析まで},
    jauthor    = {小杉,考司 and 高田,菜美 and 山根,嵩史},
    jpublisher = {北大路書房},
    jyear      = {2016},
    isbn       = {9784762829406},
    url        = {http://amazon.co.jp/o/ASIN/4762829404/},
    totalpages = {356},
    timestamp  = {2020.01.31}
}

@book{kosugi2016b,
    title      = {Reading and Undestanding More Multivariate Statistics},
    author     = {Grimm,Laurence G. and Yarnold,Paul R.},
    publisher  = {American Psychological Association},
    year       = {2001},
    genchokana = {L.G. グリム and P.R. ヤーノルド},
    jtitle     = {研究論文を読み解くための多変量解析入門 応用篇: SEMから生存分析まで},
    jauthor    = {小杉,考司 and 高田,菜美 and 山根,嵩史},
    jpublisher = {北大路書房},
    jyear      = {2016},
    month      = {9},
    isbn       = {9784762829437},
    url        = {http://amazon.co.jp/o/ASIN/4762829439/},
    totalpages = {364},
    timestamp  = {2020.01.31}
}

@book{kosugi2018,
    author    = {小杉, 考司},
    yomi      = {Kosugi,Koji},
    title     = {言葉と数式で理解する多変量解析入門},
    publisher = {北大路書房},
    year      = {2018},
    url       = {http://ci.nii.ac.jp/ncid/BB27527420}
}

@book{kosugi2019,
    author    = {小杉, 考司},
    yomi      = {Kosugi,Koji},
    title     = {Rでらくらく心理統計 : RStudio徹底活用},
    publisher = {講談社},
    year      = {2019},
    url       = {http://ci.nii.ac.jp/ncid/BB27718917}
}

@incollection{kosugi2019b,
    booktitle = {公認心理師の基礎と実践5心理学統計法},
    title     = {その他の他変量解析},
    author    = {小杉,考司},
    yomi      = {Kosugi, Koji},
    pages     = {189--206},
    editor    = {楠見,孝 and 日本心理学会},
    publisher = {遠見書房},
    year      = {2019}
}

@article{kruschke2018rejecting,
    title     = {Rejecting or accepting parameter values in Bayesian estimation},
    author    = {Kruschke, John K},
    journal   = {Advances in Methods and Practices in Psychological Science},
    volume    = {1},
    number    = {2},
    pages     = {270--280},
    year      = {2018},
    publisher = {Sage Publications Sage CA: Los Angeles, CA}
}

@article{kruskal1964,
    title     = {Nonmetric multidimensional scaling: a numerical method},
    author    = {Kruskal, Joseph,B},
    journal   = {Psychometrika},
    volume    = {29},
    number    = {2},
    pages     = {115--129},
    year      = {1964},
    publisher = {Springer-Verlag}
}

@article{kruskal1964multidimensional,
    title     = {Multidimensional scaling by optimizing goodness of fit to a nonmetric hypothesis},
    author    = {Kruskal, Joseph,B},
    journal   = {Psychometrika},
    volume    = {29},
    number    = {1},
    pages     = {1--27},
    year      = {1964},
    publisher = {Springer}
}

@book{Kubo2012,
    title     = {データ解析のための統計モデリング入門--一般化線形モデル・階層ベイズモデル・MCMC (確率と情報の科学)},
    author    = {久保, 拓弥},
    yomi      = {Kubo, Takuya},
    publisher = {岩波書店},
    year      = {2012},
    month     = {5},
    date      = {19},
    edition   = {単行本},
    language  = {日本語},
    pages     = {272}
}

@book{Kumagai201508,
    title      = {教育心理学のための統計学[心理学のための統計学4]: テストでココロをはかる},
    author     = {熊谷,龍一 and 荘島,宏二郎},
    yomi       = {Kumagai,Ryuichi},
    publisher  = {誠信書房},
    year       = {2015},
    month      = {8},
    isbn       = {9784414301908},
    url        = {http://amazon.co.jp/o/ASIN/4414301904/},
    totalpages = {130},
    timestamp  = {2020.01.31}
}

@book{Kurosaki2000,
    title      = {カント『純粋理性批判』入門 (講談社選書メチエ)},
    author     = {黒崎, 政男},
    yomi       = {Kurosaki, Maaso},
    publisher  = {講談社},
    year       = {2000},
    month      = {9},
    date       = {8},
    edition    = {単行本},
    language   = {日本語},
    totalpages = {216},
    keywords   = {西洋哲学入門, ドイツ・オーストリアの思想, ノンフィクション},
    isbn10     = {4062581922},
    isbn13     = {978-4062581929},
    amurl      = {https://www.amazon.co.jp/dp/4062581922},
    cburl      = {https://ci.nii.ac.jp/books/search?advanced=true&isbn=978-4062581929},
    laurl      = {https://lead.to/amazon/jp/?op=bt&la=ja&key=4062581922},
    price      = {￥1,760},
    condition  = {新品},
    timestamp  = {2021-02-22}
}

@book{Lambert201805,
    title      = {A Student’s Guide to Bayesian Statistics},
    author     = {Ben Lambert},
    publisher  = {SAGE Publications Ltd},
    year       = {2018},
    month      = {5},
    edition    = {1},
    isbn       = {9781473916364},
    url        = {http://amazon.co.jp/o/ASIN/1473916364/},
    totalpages = {520},
    timestamp  = {2020.02.13}
}

  @book{lambert2018student,
    title     = {A student’s guide to Bayesian statistics},
    author    = {Lambert, Ben},
    year      = {2018},
    publisher = {Sage}
}

@book{Language2016,
    title     = {計算機言語のまとめノート},
    author    = {シ},
    publisher = {暗黒通信団},
    year      = {2016},
    month     = {8},
    date      = {2016-08},
    edition   = {単行本},
    pages     = {32},
    keywords  = {計算機の本, ソフトウェア開発・言語},
    isbn      = {978-4873100517},
    isbn10    = {4873100518},
    url       = {https://lead.to/amazon/jp/?op=bt&la=ja&key=4873100518},
    url-am    = {https://www.amazon.co.jp/dp/4873100518/},
    url-ci    = {https://ci.nii.ac.jp/books/search?advanced=true&isbn=9784873100517},
    url-go    = {https://books.google.com/books?isbn=9784873100517},
    url-wo    = {https://www.worldcat.org/search?qt=l2a&q=isbn%3A9784873100517},
    price     = {￥291},
    condition = {中古(非常に良い)},
    timestamp = {2022-11-14}
}

@article{lavaan,
    title   = {{lavaan}: An {R} Package for Structural Equation
               Modeling},
    author  = {Yves Rosseel},
    journal = {Journal of Statistical Software},
    year    = {2012},
    volume  = {48},
    number  = {2},
    pages   = {1--36},
    doi     = {10.18637/jss.v048.i02}
}

@book{Lee201709,
    title      = {Bayesian Cognitive Modeling:A Practical Course},
    author     = {Michael D. Lee and Eric-Jan Wagenmakers},
    publisher  = {Cambridge University Press},
    jtitle     = {ベイズ統計で実践モデリング: 認知モデルのトレーニング},
    genchokana = {マイケル・D.,リー and エリック‐ジャン,ワーゲンメイカーズ},
    jauthor    = {井関,龍太},
    jpublisher = {北大路書房},
    jyear      = {2017},
    year       = {2013},
    month      = {9},
    isbn       = {9784762829970},
    url        = {http://amazon.co.jp/o/ASIN/4762829978/},
    totalpages = {247},
    timestamp  = {2020.02.13}
}
@book{Lewin,
    author     = {Lewin,K},
    year       = {1951},
    title      = {Field theory in social science: Selected theoretical papers},
    address    = {New York},
    publisher  = {Harper \& Brothers},
    genchokana = {レヴィン・K},
    jauthor    = {猪俣,佐登留},
    jyear      = {1956},
    jtitle     = {社会科学における場の理論},
    jpublisher = {誠信書房}
}



@article{likert1932technique,
    title   = {A technique for the measurement of attitudes.},
    author  = {Likert, Rensis},
    journal = {Archives of psychology},
    year    = {1932},
    pages   = {5--55},
    volume  = {22}
}

@article{loo,
    title   = {Practical Bayesian model evaluation using leave-one-out
               cross-validation and WAIC},
    author  = {Aki Vehtari and Andrew Gelman and Jonah Gabry},
    year    = {2017},
    journal = {Statistics and Computing},
    volume  = {27},
    issue   = {5},
    pages   = {1413--1432},
    doi     = {10.1007/s11222-016-9696-4}
}

@article{ltm,
    title   = {ltm: An R package for Latent Variable Modelling and Item
               Response Theory Analyses},
    author  = {Dimitris Rizopoulos},
    journal = {Journal of Statistical Software},
    year    = {2006},
    volume  = {17},
    number  = {5},
    pages   = {1--25},
    url     = {http://www.jstatsoft.org/v17/i05/}
}


@book{Maeda2017,
    address       = {NewYork},
    author        = {Kruschke, J.K.},
    date-modified = {2018-09-13 09:27:06 +0900},
    edition       = {2nd},
    isbn          = {9784320113169},
    genchokana    = {クルシュケ,J.K},
    jkanyaku      = {前田,和寛 and 小杉,考司},
    journal       = {A tutorial with R, JAGS, and Stan.},
    jpublisher    = {共立出版},
    jtitle        = {ベイズ統計モデリング: R,JAGS, Stanによるチュートリアル 原著第2版},
    jyear         = {2017},
    publisher     = {Elsevier},
    timestamp     = {2018.09.13},
    title         = {Doing Bayesian data analysis 2nd Ed},
    totalpages    = {771},
    year          = {2014}
}

@book{Maor_Eli2019-01-10,
    title      = {不思議な数ｅの物語},
    author     = {Maor,Eli},
    translator = {伊理, 由美},
    genchokana = {マオール,E.},
    publisher  = {筑摩書房},
    year       = {2019},
    month      = {1},
    date       = {10},
    edition    = {文庫},
    language   = {日本語},
    totalpages = {386}
}

@book{Mariko199602,
    author     = {鞠子,英雄},
    isbn       = {9784938551254},
    yomi       = {Mariko,Hideo},
    month      = {2},
    publisher  = {ハーベスト社},
    timestamp  = {2020.01.24},
    title      = {「複雑‐安定性」のドグマ - はじめてのシステム論 (リベラ・シリーズ)},
    totalpages = {199},
    url        = {http://amazon.co.jp/o/ASIN/493855125X/},
    year       = {1996},
    bdsk-url-1 = {http://amazon.co.jp/o/ASIN/493855125X/}
}


@inproceedings{matejka2017same,
    title     = {Same stats, different graphs: generating datasets with varied appearance and identical statistics through simulated annealing},
    author    = {Matejka, Justin and Fitzmaurice, George},
    booktitle = {Proceedings of the 2017 CHI conference on human factors in computing systems},
    pages     = {1290--1294},
    year      = {2017}
}

@book{Matia201201,
    title      = {伝えるための心理統計: 効果量・信頼区間・検定力},
    author     = {大久保,街亜 and 岡田,謙介},
    yomi       = {Ohkubo,Machia},
    publisher  = {勁草書房},
    year       = {2012},
    month      = {1},
    isbn       = {9784326250721},
    url        = {http://amazon.co.jp/o/ASIN/4326250720/},
    totalpages = {215},
    timestamp  = {2020.02.18}
}

@book{Matsuura201610,
    title      = {StanとRでベイズ統計モデリング (Wonderful R)},
    author     = {松浦,健太郎},
    yomi       = {Matsuura,Kentaro},
    publisher  = {共立出版},
    year       = {2016},
    month      = {10},
    isbn       = {9784320112421},
    url        = {http://amazon.co.jp/o/ASIN/4320112423/},
    totalpages = {264},
    timestamp  = {2020.02.06}
}

@book{mcgrayne2011theory,
    title      = {The theory that would not die: how Bayes' rule cracked the enigma code, hunted down Russian submarines, \& emerged triumphant from two centuries of controversy},
    author     = {McGrayne, Sharon Bertsch},
    year       = {2011},
    publisher  = {Yale University Press},
    jtitle     = {異端の統計学ベイズ},
    genchokana = {シャロン・バーチュ・マグレイン},
    jauthor    = {冨永,星},
    jpublisher = {草思社},
    jyear      = {2018},
    month      = {12}
}


@book{Michimata200903,
    author    = {道又,爾},
    yomi      = {Michimata,Satoru},
    isbn      = {9784326298907},
    year      = {2009},
    month     = {3},
    publisher = {勁草書房},
    timestamp = {2020.01.24},
    title     = {心理学入門一歩手前 - 「心の科学」のパラドックス}
}
@book{Minaka2018,
    title     = {統計思考の世界 ～曼荼羅で読み解くデータ解析の基礎},
    author    = {三中,信宏},
    yomi      = {Minaka,nobuhiro},
    publisher = {技術評論社},
    year      = {2018},
    month     = {5},
    date      = {18}
}
@book{Minamoto2015,
    title     = {スッキリわかる確率統計: --定理のくわしい証明つき--},
    author    = {皆本, 晃弥},
    yomi      = {Minamoto,Teruya},
    publisher = {近代科学社},
    year      = {2015},
    month     = {6}
}


@article{mirt,
    title   = {{mirt}: A Multidimensional Item Response Theory Package
               for the {R} Environment},
    author  = {R. Philip Chalmers},
    journal = {Journal of Statistical Software},
    year    = {2012},
    volume  = {48},
    number  = {6},
    pages   = {1--29},
    doi     = {10.18637/jss.v048.i06}
}

@book{Miura201705,
    title      = {なるほど! 心理学研究法(心理学ベーシック第1巻)},
    author     = {三浦,麻子},
    yomi       = {Miura,Asako},
    publisher  = {北大路書房},
    year       = {2017},
    month      = {5},
    isbn       = {9784762829666},
    url        = {http://amazon.co.jp/o/ASIN/4762829668/},
    totalpages = {183},
    timestamp  = {2020.01.27}
}

@article{MiuraAsako2015,
    title   = {オンライン調査モニタのSatisficeに関する実験的研究},
    author  = {三浦,麻子 and 小林,哲郎},
    yomi    = {Miura,Asako and Kobayashi,Tetsuro},
    journal = {社会心理学研究},
    volume  = {31},
    number  = {1},
    pages   = {1-12},
    year    = {2015},
    doi     = {10.14966/jssp.31.1_1}
}

@book{Miyagawa1997,
    title     = {グラフィカルモデリング (統計ライブラリー)},
    author    = {宮川, 雅巳},
    yomi      = {Miyagawa,Masaki},
    publisher = {朝倉書店},
    year      = {1997}
}


@book{Miyatani2009,
    title      = {心理学基礎実習マニュアル},
    editor     = {宮谷, 真人 and 坂田, 省吾 and 林, 光緒 and 坂田, 桐子 and 入戸野, 宏 and 森田, 愛子},
    yomi       = {Miyauchi,Masato and Sakata,Shogo and Hayashi,Mitsuo},
    publisher  = {北大路書房},
    year       = {2009},
    month      = {3},
    date       = {2},
    edition    = {単行本（ソフトカバー）},
    language   = {日本語},
    totalpages = {228},
    keywords   = {心理学入門, 心理学の読みもの},
    isbn10     = {4762826650},
    isbn13     = {978-4762826658},
    amurl      = {https://www.amazon.co.jp/dp/4762826650},
    cburl      = {https://ci.nii.ac.jp/books/search?advanced=true&isbn=978-4762826658},
    laurl      = {https://lead.to/amazon/jp/?op=bt&la=ja&key=4762826650},
    price      = {￥3,080},
    condition  = {新品},
    timestamp  = {2021-03-10}
}


@article{Mizumoto2010,
    author    = {水本,篤 and 竹内,理},
    yomi      = {Mizumoto, Atsushi and Takeuchi, Osamu},
    title     = {効果量と検定力分析入門 : 統計的検定を正しく使うために},
    journal   = {2010年度部会報告論集「より良い外国語教育のための方法」},
    publisher = {外国語教育メディア学会　関西支部メソドロジー研究部会},
    year      = {2011}
}

@book{Murakami20160301,
    title      = {教養の線形代数},
    author     = {村上, 正康 and 佐藤, 恒雄 and 野澤, 宗平 and 稲葉, 尚志},
    yomi       = {Murakami, masayasu and Satoh, tuneo and Nozawa, souhei and Inaba Naoshi},
    publisher  = {培風館},
    year       = {2016},
    month      = {3},
    date       = {1},
    edition    = {単行本},
    language   = {日本語},
    totalpages = {194},
    keywords   = {代数・幾何},
    isbn10     = {456301205X},
    isbn13     = {978-4563012052},
    amurl      = {https://www.amazon.co.jp/dp/456301205X},
    cburl      = {https://ci.nii.ac.jp/books/search?advanced=true&isbn=978-4563012052},
    laurl      = {https://lead.to/amazon/jp/?op=bt&la=ja&key=456301205X},
    price      = {￥1,980},
    condition  = {新品},
    timestamp  = {2021-03-22}
}


@book{MurakamiRYU,
    title       = {心理学・社会科学研究のための構造方程式モデリング: Mplusによる実践 基礎編},
    author      = {谷, 伊織 and 平島, 太郎},
    contributor = {村上, 隆 and 行廣, 隆次},
    yomi        = {Tani,iori and Hirashima,Taro},
    editor      = {伊藤, 大幸},
    publisher   = {ナカニシヤ出版},
    year        = {2018},
    month       = {9},
    day         = {20}
}

@article{muraki1992generalized,
    title     = {A generalized partial credit model: Application of an EM algorithm},
    author    = {Muraki, Eiji},
    journal   = {ETS Research Report Series},
    volume    = {1992},
    number    = {1},
    pages     = {i--30},
    year      = {1992},
    publisher = {Wiley Online Library}
}


@book{Naganuma20110920,
    title     = {物理数学の直観的方法〈普及版〉},
    author    = {長沼,伸一郎},
    yomi      = {Naganuma, Shinichiro},
    publisher = {講談社},
    year      = {2011},
    month     = {9},
    date      = {20},
    edition   = {Kindle版},
    language  = {日本語},
    pages     = {301},
    keywords  = {本, 物理学},
    asin      = {B00JQYYCPA},
    url       = {https://lead.to/amazon/jp/?op=bt&la=ja&key=B00JQYYCPA},
    url-am    = {https://www.amazon.co.jp/dp/B00JQYYCPA},
    price     = {￥1,188},
    condition = {新品},
    timestamp = {2021-04-08}
}

@book{Naganuma2201611,
    title      = {経済数学の直観的方法 確率・統計編 (ブルーバックス)},
    author     = {長沼,伸一郎},
    yomi       = {Naganuma,Shinichiro},
    publisher  = {講談社},
    year       = {2016},
    month      = {11},
    isbn       = {9784062579858},
    url        = {http://amazon.co.jp/o/ASIN/4062579855/},
    totalpages = {296},
    timestamp  = {2020.01.31}
}

@book{Nagao200305,
    title      = {Free Software, Free Society:Selected Essays of Richard M.Stallman},
    jtitle     = {フリーソフトウェアと自由な社会},
    author     = {Richard M. Stallman},
    genchokana = {リチャード・M・ストールマン},
    jauthor    = {長尾,高弘},
    jpublisher = {アスキー},
    publisher  = {Free Software Foundation, Inc.},
    year       = {2003},
    month      = {5},
    isbn       = {9784756142818},
    url        = {http://amazon.co.jp/o/ASIN/4756142818/},
    totalpages = {375},
    timestamp  = {2020.01.29}
}


@book{Nagata20050401,
    title      = {統計学のための数学入門30講},
    author     = {永田, 靖},
    yomi       = {nagata yasushi},
    publisher  = {朝倉書店},
    year       = {2005},
    month      = {4},
    date       = {1},
    edition    = {単行本},
    totalpages = {215},
    keywords   = {確率・統計},
    isbn10     = {4254116330},
    isbn13     = {978-4254116335},
    amurl      = {https://www.amazon.co.jp/dp/4254116330},
    cburl      = {https://ci.nii.ac.jp/books/search?advanced=true&isbn=978-4254116335},
    laurl      = {https://lead.to/amazon/jp/?op=bt&la=ja&key=4254116330},
    price      = {￥3,190},
    condition  = {新品},
    timestamp  = {2021-03-22}
}

@book{Nakano2017,
    title     = {大学新入生のためのリメディアル数学(第2版)},
    author    = {中野, 友裕},
    yomi      = {Nakano,Tomohisa},
    publisher = {森北出版},
    year      = {2017},
    month     = {10},
    day       = {27},
    date      = {2017-10-27}
}


@book{Nishisato2010,
    title     = {行動科学のためのデータ解析ー情報把握に適した方法の利用},
    author    = {西里, 静彦},
    yomi      = {Nishisato, Sizuhiko},
    publisher = {培風館},
    year      = {2010}
}

@book{Nishiuchi201301,
    title      = {統計学が最強の学問である},
    author     = {西内,啓},
    yomi       = {Nishiuchi,Kei},
    publisher  = {ダイヤモンド社},
    year       = {2013},
    month      = {1},
    isbn       = {9784478022214},
    url        = {http://amazon.co.jp/o/ASIN/4478022216/},
    totalpages = {320},
    timestamp  = {2020.02.06}
}

@book{Nishiuchi201712,
    title      = {統計学が最強の学問である[数学編] - - データ分析と機械学習のための新しい教科書},
    author     = {西内,啓},
    yomi       = {Nishiuchi,Kei},
    publisher  = {ダイヤモンド社},
    year       = {2017},
    month      = {12},
    isbn       = {9784478104514},
    url        = {http://amazon.co.jp/o/ASIN/4478104514/},
    totalpages = {560},
    timestamp  = {2020.01.31}
}

@book{Nojima201903,
    title      = {心理学統計法 (公認心理師の基礎と実践5)},
    editor     = {野島,一彦 and 繁桝,算男 and 山田,剛史},
    yomi       = {Yashima,Kazuhiko},
    publisher  = {遠見書房},
    year       = {2019},
    month      = {3},
    isbn       = {9784866160559},
    url        = {http://amazon.co.jp/o/ASIN/4866160551/},
    totalpages = {320},
    timestamp  = {2020.02.01}
}


@book{Ohashi201610,
    title      = {心理学史},
    author     = {大芦,治},
    publisher  = {ナカニシヤ出版},
    yomi       = {Oashi,osamu},
    year       = {2016},
    month      = {10},
    isbn       = {9784779511028},
    url        = {http://amazon.co.jp/o/ASIN/477951102X/},
    totalpages = {396},
    timestamp  = {2020.01.28}
}

@book{Ohmura201301,
    title      = {実験計画と分散分析のはなし - 効率よい計画とデータ解析のコツ},
    author     = {大村,平},
    yomi       = {Ohmura,Taira},
    publisher  = {日科技連出版社},
    year       = {2013},
    month      = {1},
    edition    = {改訂},
    isbn       = {9784817194572},
    url        = {http://amazon.co.jp/o/ASIN/481719457X/},
    totalpages = {217},
    timestamp  = {2020.02.06}
}

@article{okada1987nonmetric,
    title     = {Nonmetric multidimensional scaling of asymmetric proximities},
    author    = {Okada, Akinori and Imaizumi, Tadashi},
    journal   = {Behaviormetrika},
    volume    = {14},
    number    = {21},
    pages     = {81--96},
    year      = {1987},
    publisher = {Springer}
}


@book{Okada19940115,
    title     = {パソコン多次元尺度構成法},
    author    = {岡太, 彬訓 and 今泉, 忠},
    yomi      = {Okada,Akinori and Imaizumi,chu},
    publisher = {共立出版},
    year      = {1994},
    month     = {1},
    date      = {15},
    edition   = {単行本},
    language  = {日本語},
    pages     = {174},
    keywords  = {数学},
    isbn      = {978-4320014725},
    isbn10    = {4320014723},
    url       = {https://lead.to/amazon/jp/?op=bt&la=ja&key=4320014723},
    url-am    = {https://www.amazon.co.jp/dp/4320014723},
    url-ci    = {https://ci.nii.ac.jp/books/search?advanced=true&isbn=9784320014725},
    url-go    = {https://books.google.com/books?isbn=9784320014725},
    url-wo    = {https://www.worldcat.org/search?qt=l2a&q=isbn%3A9784320014725},
    price     = {￥340},
    condition = {中古(可)},
    timestamp = {2021-04-07}
}

@article{okada1997asymmetric,
    title     = {Asymmetric multidimensional scaling of two-mode three-way proximities},
    author    = {Okada, Akinori and Imaizumi, Tadashi},
    journal   = {Journal of Classification},
    volume    = {14},
    number    = {2},
    pages     = {195--224},
    year      = {1997},
    publisher = {Springer}
}

@book{Okada200804,
    title      = {データ分析のための線形代数},
    author     = {岡太,彬訓},
    yomi       = {Okada},
    publisher  = {共立出版},
    year       = {2008},
    month      = {4},
    isbn       = {9784320018594},
    url        = {http://amazon.co.jp/o/ASIN/4320018591/},
    totalpages = {232},
    timestamp  = {2020.02.18}
}

@book{Okada20080409,
    title      = {データ分析のための線形代数},
    author     = {岡太, 彬訓},
    yomi       = {Okada akinori},
    publisher  = {共立出版},
    year       = {2008},
    month      = {4},
    date       = {9},
    edition    = {単行本},
    language   = {日本語},
    totalpages = {232},
    keywords   = {代数・幾何},
    isbn10     = {4320018591},
    isbn13     = {978-4320018594},
    amurl      = {https://www.amazon.co.jp/dp/4320018591},
    cburl      = {https://ci.nii.ac.jp/books/search?advanced=true&isbn=978-4320018594},
    laurl      = {https://lead.to/amazon/jp/?op=bt&la=ja&key=4320018591},
    price      = {￥6,217},
    condition  = {中古(良い)},
    timestamp  = {2021-03-22}
}

@misc{Onoshima2021,
    author       = {小野島,昂洋},
    yomi         = {Onoshima,kouyou},
    title        = {lav2tikz.R},
    year         = {2021},
    publisher    = {GitHub},
    journal      = {GitHub repository},
    howpublished = {\url{https://github.com/onoshima/myfunction}}
}


@book{Oshio2020,
    title      = {性格とは何か　より良く生きるための心理学 (中公新書)},
    author     = {小塩,真司},
    yomi       = {Oshio,Shinji},
    publisher  = {中央公論新社},
    year       = {2020},
    month      = {8},
    date       = {25},
    edition    = {Kindle版},
    language   = {日本語},
    totalpages = {190},
    keywords   = {心理学入門, 心理学の読みもの, 心理学},
    asin       = {B08P4Z3K3S},
    amurl      = {https://www.amazon.co.jp/dp/B08P4Z3K3S},
    laurl      = {https://lead.to/amazon/jp/?op=bt&la=ja&key=B08P4Z3K3S},
    price      = {￥857},
    condition  = {新品},
    timestamp  = {2021-02-23}
}

@article{partchev2017package,
    title   = {Package ‘irtoys’},
    author  = {Partchev, Ivailo and Partchev, Maintainer Ivailo and Suggests, MASS},
    journal = {A collection of functions related to item response theory (IRT)},
    year    = {2017}
}

@manual{psych,
    title        = {psych: Procedures for Psychological, Psychometric, and
                    Personality Research},
    author       = {William Revelle},
    organization = { Northwestern University},
    address      = { Evanston, Illinois},
    year         = {2021},
    note         = {R package version 2.1.3},
    url          = {https://CRAN.R-project.org/package=psych}
}

@book{Rosling2019,
    author     = {Rosling, Hans and Rosling, Ola and Rönnlund, Anna Rosling},
    genchokana = {ハンス・ロスリング and オーラ・ロスリング and アンナ・ロスリング・ロンランド},
    jauthor    = {上杉, 周作 and 関, 美和},
    jpublisher = {日経BP社},
    jtitle     = {FACTFULNESS : 10の思い込みを乗り越え、データを基に世界を正しく見る習慣},
    jyear      = {2019},
    publisher  = {Brockman Inc.},
    title      = {Factfulness},
    year       = {2018}
}

@incollection{samejima1997graded,
    title     = {Graded response model},
    author    = {Samejima, Fumiko},
    booktitle = {Handbook of modern item response theory},
    pages     = {85--100},
    year      = {1997},
    publisher = {Springer}
}

@article{satho2008,
    author     = {サトウ,タツヤ},
    yomi       = {Satoh,Tatsuya},
    publisher  = {日本心理学会},
    title      = {「心理学の過去は長いが歴史は短い」宣言から80年},
    url        = {https://psych.or.jp/interest/mm-16/},
    journal    = {心理学ワールド},
    volume     = {41},
    year       = {2008},
    bdsk-url-1 = {https://psych.or.jp/interest/mm-16/}
}

@book{Shibasuke197901,
    title      = {因子分析法},
    author     = {芝, 祐順},
    yomi       = {Shiba, Sukeyori},
    publisher  = {東京大学出版会},
    year       = {1979},
    month      = {1},
    edition    = {単行本},
    language   = {日本語},
    totalpages = {298},
    keywords   = {科学・テクノロジー}
}

@incollection{shigemasu2019,
    booktitle = {公認心理師の基礎と実践5心理学統計法},
    title     = {ベイズ統計学},
    author    = {繁桝,算男},
    yomi      = {Shigemasu,Kazui},
    pages     = {275--296},
    editor    = {楠見,孝 and 日本心理学会},
    publisher = {遠見書房},
    year      = {2019}
}

@article{Shiina2013,
    title   = {七つの正規分布},
    author  = {椎名,乾平},
    yomi    = {shiina,kippei},
    journal = {心理学評論},
    volume  = {56},
    number  = {1},
    pages   = {7-34},
    year    = {2013},
    doi     = {10.24602/sjpr.56.1_7}
}

@book{Shimizu201705,
    title      = {社会心理学のための統計学[心理学のための統計学3]: 心理尺度の構成と分析},
    author     = {清水,裕士 and 荘島,宏二郎},
    yomi       = {Shimizu,Hiroshi},
    publisher  = {誠信書房},
    year       = {2017},
    month      = {5},
    isbn       = {9784414301892},
    url        = {http://amazon.co.jp/o/ASIN/4414301890/},
    totalpages = {148},
    timestamp  = {2020.02.07}
}

@incollection{shimizu2018,
    author    = {清水,裕士},
    yomi      = {Shimizu Hiroshi},
    title     = {阪神ファンー巨人ファンの2大精力構造は本当か},
    booktitle = {たのしいベイズモデリング},
    publisher = {北大路書房},
    year      = {2018},
    pages     = {21--32},
    editor    = {豊田秀樹}
}


@book{Shimizu2021,
    title     = {心理学統計法 (放送大学教材 1638)},
    author    = {清水, 裕士},
    yomi      = {Shimizu,Hiroshi},
    publisher = {放送大学教育振興会},
    year      = {2021}
}

@article{ShimizuKazuaki2007,
    title   = {$\alpha$はやめて$\omega$にしよう},
    author  = {清水,和秋},
    yomi    = {Shimizu,Kazuaki},
    journal = {日本心理学会大会発表論文集},
    volume  = {71},
    number  = { },
    pages   = {2PM049-2PM049},
    year    = {2007},
    doi     = {10.4992/pacjpa.71.0_2PM049}
}
@incollection{Shimoyama2001,
    author    = {下山,晴彦},
    yomi      = {Shimoyama,Haruhiko},
    editor    = {下山,晴彦 and 丹野,義彦},
    pages     = {3-24},
    publisher = {東京大学出版会},
    booktitle = {講座臨床心理学},
    title     = {臨床心理学研究の多様性と可能性},
    volume    = {2},
    year      = {2001}
}

@article{Shojima2011,
    author    = {荘島, 宏二郎},
    yomi      = {Shojima,Kojiro},
    title     = {Asymmetric von Mises Scaling : Asymmetric multidimensional scaling using directional distribution},
    journal   = {日本行動計量学会大会発表論文抄録集},
    publisher = {日本行動計量学会},
    year      = {2011},
    month     = {09},
    volume    = {39},
    pages     = {261-262},
    url       = {https://cir.nii.ac.jp/crid/1572824502778162688}
}


@misc{soumu,
    title     = {統計表における機械判別可能なデータ作成に関する表記方法},
    year      = {2020},
    author    = {総務省},
    publisher = {統計企画会議申し合わせ},
    url       = {https://www.soumu.go.jp/main_content/000723697.pdf}
}

@book{Stallman2003,
    title      = {フリーソフトウェアと自由な社会 ーRichard M. Stallmanエッセイ集},
    author     = {Richard M. Stallman},
    translator = {長尾,高弘},
    publisher  = {アスキー},
    year       = {2003},
    month      = {5},
    date       = {6},
    edition    = {単行本},
    totalpages = {375},
    keywords   = {情報学・情報科学全般関連書籍}
}

@article{stan2017,
    title     = {Stan: A probabilistic programming language},
    author    = {Carpenter, Bob and Gelman, Andrew and Hoffman, Matthew D and Lee, Daniel and Goodrich, Ben and Betancourt, Michael and Brubaker, Marcus and Guo, Jiqiang and Li, Peter and Riddell, Allen},
    journal   = {Journal of statistical software},
    volume    = {76},
    number    = {1},
    year      = {2017},
    publisher = {Columbia Univ., New York, NY (United States); Harvard Univ., Cambridge, MA (United States)}
}



@article{stevens1946,
    title     = {On the theory of scales of measurement},
    author    = {Stevens, Stanley Smith},
    year      = {1946},
    journal   = {Science},
    volume    = {103},
    number    = {2684},
    pages     = {677-680},
    publisher = {Bobbs-Merrill, College Division}
}

@book{Suenaga1987,
    title      = {社会心理学研究入門},
    editor     = {末永, 俊郎},
    yomi       = {Suenaga,Toshiro},
    publisher  = {東京大学出版会},
    year       = {1987},
    month      = {2},
    edition    = {ハードカバー},
    language   = {日本語},
    totalpages = {281},
    keywords   = {社会学概論, ビジネス・経済},
    isbn10     = {4130120247},
    isbn13     = {978-4130120241},
    amurl      = {https://www.amazon.co.jp/dp/4130120247},
    cburl      = {https://ci.nii.ac.jp/books/search?advanced=true&isbn=978-4130120241},
    laurl      = {https://lead.to/amazon/jp/?op=bt&la=ja&key=4130120247},
    price      = {￥49},
    condition  = {中古(可)},
    timestamp  = {2021-03-08}
}

@book{Sugimoto2020,
    title     = {ネット興亡記 敗れざる者たち},
    author    = {杉本,貴司},
    yomi      = {Sugimoto,Takashi},
    publisher = {日本経済新聞出版},
    year      = {2020},
    month     = {8},
    date      = {26}
}

@book{Takagi196807,
    title      = {How to Lie with Statistics},
    author     = {Darrell Huff},
    genchokana = {ダレル・ハフ},
    jtitle     = {統計でウソをつく法 - 数式を使わない統計学入門 (ブルーバックス)},
    jauthor    = {高木,秀玄},
    jpublisher = {講談社},
    jyear      = {1968},
    year       = {1954},
    publisher  = {W. W. Norton \& Company},
    month      = {7},
    isbn       = {9784061177208},
    url        = {http://amazon.co.jp/o/ASIN/4061177206/},
    totalpages = {223},
    timestamp  = {2020.01.29}
}

@book{Takahashi200211,
    title     = {項目反応理論入門ー新しい絶対評価},
    author    = {高橋, 正視},
    yomi      = {Takahashi,Masasi},
    publisher = {イデア イデア出版局},
    year      = {2002},
    month     = {11},
    edition   = {単行本},
    language  = {日本語},
    pages     = {255},
    keywords  = {教育学, 教育・学参・受験},
    isbn      = {978-4900561007},
    isbn10    = {4900561002},
    url       = {https://lead.to/amazon/jp/?op=bt&la=ja&key=4900561002},
    url-am    = {https://www.amazon.co.jp/dp/4900561002},
    url-ci    = {https://ci.nii.ac.jp/books/search?advanced=true&isbn=9784900561007},
    url-go    = {https://books.google.com/books?isbn=9784900561007},
    url-wo    = {https://www.worldcat.org/search?qt=l2a&q=isbn%3A9784900561007},
    price     = {￥7,225},
    condition = {中古(良い)},
    timestamp = {2021-04-08}
}

@book{Takahashi201805,
    title      = {再現可能性のすゝめ (Wonderful R 3)},
    author     = {高橋,康介},
    yomi       = {Takahashi,Kosuke},
    publisher  = {共立出版},
    year       = {2018},
    month      = {5},
    isbn       = {9784320112438},
    url        = {http://amazon.co.jp/o/ASIN/4320112431/},
    totalpages = {164},
    timestamp  = {2020.01.31}
}

@book{Takahashi20220210,
    title     = {統計的因果推論の理論と実装},
    author    = {高橋, 将宜 and 石田, 基広},
    yomi      = {Takahashi,Masanobu and Ishida,Motohiro},
    editor    = {市川, 太祐 and 高橋, 康介 and 高柳, 慎一 and 福島, 真太朗 and 松浦, 健太郎},
    publisher = {共立出版},
    year      = {2022},
    month     = {2},
    day       = {10},
    date      = {2022-02-10},
    edition   = {単行本（ソフトカバー）},
    language  = {日本語},
    pages     = {320},
    keywords  = {確率・統計},
    isbn      = {978-4320112452},
    isbn10    = {4320112458},
    url       = {https://lead.to/amazon/jp/?op=bt&la=ja&key=4320112458},
    url-am    = {https://www.amazon.co.jp/dp/4320112458/},
    url-ci    = {https://ci.nii.ac.jp/books/search?advanced=true&isbn=9784320112452},
    url-go    = {https://books.google.com/books?isbn=9784320112452},
    url-wo    = {https://www.worldcat.org/search?qt=l2a&q=isbn%3A9784320112452},
    price     = {￥3,850},
    condition = {新品},
    timestamp = {2022-02-24}
}

@book{Takane198002,
    title     = {多次元尺度法},
    author    = {高根, 芳雄},
    yomi      = {Takane,Yoshio},
    publisher = {東京大学出版会},
    year      = {1980},
    month     = {2},
    edition   = {－},
    pages     = {332},
    keywords  = {数学関連古書},
    asin      = {B000J8ABSO},
    url       = {https://lead.to/amazon/jp/?op=bt&la=ja&key=B000J8ABSO},
    url-am    = {https://www.amazon.co.jp/dp/B000J8ABSO},
    price     = {￥7,800},
    condition = {中古(良い)},
    timestamp = {2021-04-08}
}

@book{Takeuchi2010,
    title     = {高校数学でわかる線形代数ー行列の基礎から固有値まで (ブルーバックス)},
    author    = {竹内, 淳},
    publisher = {講談社},
    year      = {2010},
    month     = {11},
    day       = {19},
    date      = {2010-11-19},
    edition   = {新書},
    language  = {日本語}
}

@book{TakeyamaYoshihiro,
    title     = {数学書の読みかた},
    author    = {竹山,美宏},
    yomi      = {Takeyama,Yoshihiro,},
    publisher = {森北出版},
    year      = {2022},
    month     = {3},
    day       = {8},
    date      = {2022-03-08}
}
@book{Tanaka197701,
    title      = {心理学的測定法},
    author     = {田中, 良久},
    yomi       = {Tanaka,Yoshihisa},
    publisher  = {東京大学出版会},
    year       = {1977},
    month      = {1},
    edition    = {単行本},
    language   = {日本語},
    totalpages = {298},
    keywords   = {教育・学参・受験},
    isbn10     = {4130120093},
    isbn13     = {978-4130120098},
    amurl      = {https://www.amazon.co.jp/dp/4130120093},
    cburl      = {https://ci.nii.ac.jp/books/search?advanced=true&isbn=978-4130120098},
    laurl      = {https://lead.to/amazon/jp/?op=bt&la=ja&key=4130120093},
    price      = {￥552},
    condition  = {中古(可)},
    timestamp  = {2021-03-10}
}

@book{TanakaKumajiro,
    author    = {田中,熊次郎},
    yomi      = {Tanaka,Kumajiro},
    title     = {ソシオメトリーの理論と方法},
    year      = {1960},
    publisher = {明治図書出版}
}

@book{Tanioka200006,
    title      = {リサーチ・リテラシーのすすめ 「社会調査」のウソ},
    author     = {谷岡,一郎},
    yomi       = {Tanioka,Ichiro},
    publisher  = {文藝春秋},
    year       = {2000},
    month      = {6},
    isbn       = {9784166601103},
    url        = {http://amazon.co.jp/o/ASIN/4166601105/},
    totalpages = {222},
    timestamp  = {2020.01.31}
}


@book{Tanobei2018,
    title     = {たのしいベイズモデリング: 事例で拓く研究のフロンティア},
    author    = {豊田, 秀樹},
    yomi      = {Toyoda,Hideki},
    publisher = {北大路書房},
    year      = {2018}
}

@book{Tanobei2019,
    title     = {たのしいベイズモデリング2: 事例で拓く研究のフロンティア},
    author    = {豊田, 秀樹},
    yomi      = {Toyoda,Hideki},
    publisher = {北大路書房},
    year      = {2019}
}

@misc{tidySEM,
    author       = {Van Lissa, C. J.},
    title        = {tidySEM: A tidy workflow for running, reporting, and plotting structural equation models in lavaan or Mplus. },
    year         = {2019},
    publisher    = {Github},
    journal      = {GitHub repository},
    howpublished = {\url{https://github.com/cjvanlissa/tidySEM/}}
}

@article{tidyverse,
    title   = {Welcome to the {tidyverse}},
    author  = {Hadley Wickham and Mara Averick and Jennifer Bryan and
               Winston Chang and Lucy D'Agostino McGowan and Romain François and
               Garrett Grolemund and Alex Hayes and Lionel Henry and Jim Hester
               and Max Kuhn and Thomas Lin Pedersen and Evan Miller and Stephan
               Milton Bache and Kirill Müller and Jeroen Ooms and David Robinson
               and Dana Paige Seidel and Vitalie Spinu and Kohske Takahashi and
               Davis Vaughan and Claus Wilke and Kara Woo and Hiroaki Yutani},
    year    = {2019},
    journal = {Journal of Open Source Software},
    volume  = {4},
    number  = {43},
    pages   = {1686},
    doi     = {10.21105/joss.01686}
}

@book{Todayama2022,
    title     = {最新版　論文の教室　レポートから卒論まで},
    author    = {戸田山, 和久},
    yomi      = {todayama,kazuhisa},
    publisher = {NHK出版},
    year      = {2022}
}

@book{Toyoda1992,
    title      = {原因をさぐる統計学 - 共分散構造分析入門},
    yomi       = {Toyoda,Hideki},
    author     = {豊田,秀樹 and 前田,忠彦 and 柳井,晴夫},
    publisher  = {講談社},
    year       = {1992},
    month      = {7},
    isbn       = {9784061329263},
    url        = {http://amazon.co.jp/o/ASIN/406132926X/},
    totalpages = {252},
    timestamp  = {2020.01.31}
}

@book{Toyoda20000401,
    title     = {共分散構造分析 応用編ー構造方程式モデリング (統計ライブラリー)},
    author    = {豊田, 秀樹},
    yomi      = {Toyoda,Hideki},
    publisher = {朝倉書店},
    year      = {2000},
    month     = {4},
    date      = {1},
    edition   = {単行本},
    language  = {日本語},
    pages     = {303},
    keywords  = {確率・統計},
    isbn      = {978-4254126617},
    isbn10    = {4254126611},
    url       = {https://lead.to/amazon/jp/?op=bt&la=ja&key=4254126611},
    url-am    = {https://www.amazon.co.jp/dp/4254126611},
    url-ci    = {https://ci.nii.ac.jp/books/search?advanced=true&isbn=9784254126617},
    url-go    = {https://books.google.com/books?isbn=9784254126617},
    url-wo    = {https://www.worldcat.org/search?qt=l2a&q=isbn%3A9784254126617},
    price     = {￥2,992},
    condition = {中古(ほぼ新品)},
    timestamp = {2021-04-08}
}

@book{Toyoda2007,
    title     = {共分散構造分析ー構造方程式モデリング 理論編 (統計ライブラリー)},
    author    = {豊田, 秀樹},
    yomi      = {Toyoda,Hideki},
    publisher = {朝倉書店},
    year      = {2007},
    month     = {10},
    day       = {1},
    date      = {2007-10-01},
    edition   = {単行本},
    language  = {日本語},
    pages     = {287},
    keywords  = {確率・統計},
    isbn      = {978-4254126969},
    isbn10    = {4254126964},
    url       = {https://lead.to/amazon/jp/?op=bt&la=ja&key=4254126964},
    url-am    = {https://www.amazon.co.jp/dp/4254126964/},
    url-ci    = {https://ci.nii.ac.jp/books/search?advanced=true&isbn=9784254126969},
    url-go    = {https://books.google.com/books?isbn=9784254126969},
    url-wo    = {https://www.worldcat.org/search?qt=l2a&q=isbn%3A9784254126969},
    price     = {￥5,280},
    condition = {新品},
    timestamp = {2022-03-17}
}

@book{Toyoda2008,
    title     = {データマイニング入門},
    author    = {豊田, 秀樹},
    yomi      = {Toyoda,Hideki},
    editor    = {豊田, 秀樹},
    publisher = {東京図書},
    year      = {2008}
}

@book{Toyoda2009,
    title     = {検定力分析入門ーRで学ぶ最新データ解析ー},
    author    = {豊田, 秀樹},
    yomi      = {Toyoda,Hideki},
    editor    = {豊田, 秀樹},
    publisher = {東京図書},
    year      = {2009}
}



@book{Toyoda20120824,
    title      = {項目反応理論[入門編](第2版) (統計ライブラリー)},
    author     = {豊田, 秀樹},
    yomi       = {Toyoda Hideki},
    publisher  = {朝倉書店},
    year       = {2012},
    month      = {8},
    date       = {24},
    edition    = {単行本},
    language   = {日本語},
    totalpages = {247},
    keywords   = {確率・統計},
    isbn10     = {4254127952},
    isbn13     = {978-4254127959},
    amurl      = {https://www.amazon.co.jp/dp/4254127952},
    cburl      = {https://ci.nii.ac.jp/books/search?advanced=true&isbn=978-4254127959},
    laurl      = {https://lead.to/amazon/jp/?op=bt&la=ja&key=4254127952},
    price      = {￥4,058},
    condition  = {中古(可)},
    timestamp  = {2021-03-25}
}

@book{Toyoda201506,
    title      = {基礎からのベイズ統計学: ハミルトニアンモンテカルロ法による実践的入門},
    author     = {豊田,秀樹},
    yomi       = {Toyoda,Hideki},
    publisher  = {朝倉書店},
    year       = {2015},
    month      = {6},
    isbn       = {9784254122121},
    url        = {http://amazon.co.jp/o/ASIN/4254122128/},
    totalpages = {228},
    timestamp  = {2020.02.18}
}

@book{Toyoda201606,
    title      = {はじめての 統計データ分析 - ベイズ的〈ポストp値時代〉の統計学 - },
    author     = {豊田,秀樹},
    yomi       = {Toyoda,Hideki},
    publisher  = {朝倉書店},
    year       = {2016},
    month      = {6},
    isbn       = {9784254122145},
    url        = {http://amazon.co.jp/o/ASIN/4254122144/},
    totalpages = {216},
    timestamp  = {2020.02.18}
}
@book{Toyoda2017,
    title     = {実践 ベイズモデリング -解析技法と認知モデル-},
    author    = {豊田, 秀樹},
    yomi      = {Toyoda,Hideki},
    editor    = {豊田, 秀樹},
    publisher = {朝倉書店},
    year      = {2017}
}

@book{Toyoda201706,
    title      = {もうひとつの重回帰分析},
    author     = {豊田,秀樹},
    publisher  = {東京図書},
    yomi       = {Toyoda,Hideki},
    year       = {2017},
    month      = {6},
    isbn       = {9784489022692},
    url        = {http://amazon.co.jp/o/ASIN/4489022697/},
    totalpages = {202},
    timestamp  = {2020.02.03}
}

@book{Toyoda202003,
    title      = {瀕死の統計学を救え！},
    author     = {豊田,秀樹},
    publisher  = {朝倉書店},
    yomi       = {Toyoda,Hideki},
    year       = {2020},
    month      = {3},
    isbn       = {9784254122558},
    totalpages = {141}
}

@article{Umemoto1955,
    author    = {梅本, 堯夫 and 森川, 弥寿雄 and 伊吹, 昌夫},
    yomi      = {Umemoto,Akio and Morikawa,Yasuo and Ibuki,Masao},
    title     = {清音2字音節の無連想価及び有意味度},
    journal   = {心理学研究},
    issn      = {00215236},
    publisher = {日本心理学会},
    year      = {1955},
    volume    = {26},
    number    = {3},
    pages     = {148-155},
    doi       = {10.4992/jjpsy.26.148},
    url       = {https://cir.nii.ac.jp/crid/1390282680055289344}
}

@book{UserIlluision2002,
    title      = {ユーザーイリュージョン--意識という幻想},
    author     = {Norretranders,Tor},
    genchokana = {トール,ノーレットランダーシュ},
    translator = {柴田,裕之},
    publisher  = {紀伊國屋書店},
    year       = {2002},
    month      = {9},
    date       = {1},
    totalpages = {566}
}

@misc{wasserstein2016asa,
    title     = {The ASA statement on p-values: context, process, and purpose},
    author    = {Wasserstein, Ronald L and Lazar, Nicole A},
    year      = {2016},
    publisher = {Taylor \& Francis}
}

@book{Watanabe2019,
    title      = {動物に「心」は必要か: 擬人主義に立ち向かう},
    author     = {渡辺, 茂},
    yomi       = {Watanabe,Shigeru},
    publisher  = {東京大学出版会},
    year       = {2019},
    month      = {12},
    date       = {27},
    edition    = {単行本},
    language   = {日本語},
    totalpages = {256},
    keywords   = {動物学},
    isbn10     = {4130133144},
    isbn13     = {978-4130133142},
    amurl      = {https://www.amazon.co.jp/dp/4130133144},
    cburl      = {https://ci.nii.ac.jp/books/search?advanced=true&isbn=978-4130133142},
    laurl      = {https://lead.to/amazon/jp/?op=bt&la=ja&key=4130133144},
    price      = {￥2,970},
    condition  = {新品},
    timestamp  = {2021-02-23}
}

@book{Yamada2004,
    author    = {山田, 剛史 and 村井, 潤一郎},
    yomi      = {Yamada,Tsuyoshi},
    title     = {よくわかる心理統計},
    publisher = {ミネルヴァ書房},
    year      = {2004},
    series    = {やわらかアカデミズム・「わかる」シリーズ},
    url       = {http://ci.nii.ac.jp/ncid/BA68747748}
}

@book{Yamauchi201001,
    title      = {心理・教育のための統計法},
    author     = {山内,光哉},
    yomi       = {Yamauchi,Mitsuya},
    publisher  = {サイエンス社},
    year       = {2010},
    month      = {1},
    edition    = {第3},
    isbn       = {9784781912356},
    url        = {http://amazon.co.jp/o/ASIN/4781912354/},
    totalpages = {272},
    timestamp  = {2020.01.29}
}


@book{Yanai1990,
    title     = {因子分析ーその理論と方法 (統計ライブラリー)},
    author    = {柳井, 晴夫 and 前川, 真一 and 繁枡, 算男 and 市川, 雅教},
    publisher = {朝倉書店},
    yomi      = {Yanai,Haruo and Maekawa,Shin1 and Shigemasu, Kazuo and Ichikawa, Masanori},
    year      = {1990},
    month     = {3}
}

@book{Yasui2019,
    title     = {効果検証入門〜正しい比較のための因果推論／計量経済学の基礎},
    author    = {安井, 翔太},
    yomi      = {yasui,shota},
    editor    = {株式会社ホクソエム},
    publisher = {技術評論社},
    year      = {2019}
}

@book{YoshidaYoichi,
    title     = {数学序説 (ちくま学芸文庫)},
    author    = {吉田, 洋一 and 赤, 攝也},
    yomi      = {Yoshida,Yoichi and Seki,Setuya},
    publisher = {筑摩書房},
    year      = {2013},
    month     = {9},
    day       = {10}
}

@incollection{Yoshino2007,
    title     = {公理的測定論の基礎},
    author    = {吉野, 諒三},
    yomi      = {Yoshino,Ryozo},
    booktitle = {数理心理学--心理表現の論理と実際},
    editor    = {吉野, 諒三 and 山岸, 侯彦 and 千野, 直仁},
    chapter   = {2},
    pages     = {49--108},
    publisher = {培風館},
    year      = {2007}
}

@book{Yuki201810,
    title      = {数学ガールの秘密ノート/行列が描くもの (数学ガールの秘密ノートシリーズ)},
    author     = {結城,浩},
    yomi       = {Yuuki,Hiroshi},
    publisher  = {SBクリエイティブ},
    year       = {2018},
    month      = {10},
    isbn       = {9784797395303},
    url        = {http://amazon.co.jp/o/ASIN/4797395303/},
    totalpages = {336},
    timestamp  = {2020.02.18}
}